Product_ID,Category,Region,Unit_Cost,Unit_Price,Units_Sold,Month,Year,Month_Num,Month_Name,Unit_Margin,Revenue,Cost,Profit,ROI_%
P001,Electronics,South,4.3,5.78,132,2024-01,2024,1,Jan,1.4800000000000004,762.96,567.6,195.36,34.418604651162795
P001,Electronics,North,4.6,6.12,23,2024-02,2024,2,Feb,1.5200000000000005,140.76,105.8,34.959999999999994,33.043478260869556
P001,Electronics,North,4.58,6.74,112,2024-03,2024,3,Mar,2.16,754.88,512.96,241.91999999999996,47.16157205240174
P001,Electronics,South,4.5,6.21,22,2024-04,2024,4,Apr,1.71,136.62,99.0,37.620000000000005,38.00000000000001
P001,Electronics,South,4.67,6.51,35,2024-05,2024,5,May,1.8399999999999999,227.85,163.45,64.4,39.40042826552463
P001,Electronics,East,4.27,5.99,76,2024-06,2024,6,Jun,1.7200000000000006,455.24,324.52,130.72000000000003,40.281030444964884
P001,Electronics,East,4.74,6.99,77,2024-07,2024,7,Jul,2.25,538.23,364.98,173.25,47.46835443037975
P001,Electronics,West,4.26,5.9,108,2024-08,2024,8,Aug,1.6400000000000006,637.2,460.08,177.12000000000006,38.49765258215964
P001,Electronics,East,4.59,6.75,27,2024-09,2024,9,Sep,2.16,182.25,123.92999999999999,58.32000000000001,47.058823529411775
P001,Electronics,East,4.86,7.3,31,2024-10,2024,10,Oct,2.4399999999999995,226.29999999999998,150.66,75.63999999999999,50.20576131687242
P001,Electronics,West,4.63,6.48,82,2024-11,2024,11,Nov,1.8500000000000005,531.36,379.65999999999997,151.70000000000005,39.95680345572355
P001,Electronics,East,4.67,6.84,39,2024-12,2024,12,Dec,2.17,266.76,182.13,84.63,46.466809421841546
P001,Electronics,South,4.56,6.27,80,2025-01,2025,1,Jan,1.71,501.59999999999997,364.79999999999995,136.8,37.50000000000001
P001,Electronics,South,4.66,6.99,88,2025-02,2025,2,Feb,2.33,615.12,410.08000000000004,205.03999999999996,49.999999999999986
P001,Electronics,North,4.74,6.67,26,2025-03,2025,3,Mar,1.9299999999999997,173.42,123.24000000000001,50.17999999999998,40.717299578059055
P001,Electronics,East,4.35,6.21,108,2025-04,2025,4,Apr,1.8600000000000003,670.68,469.79999999999995,200.88,42.758620689655174
P001,Electronics,East,4.3,6.36,86,2025-05,2025,5,May,2.0600000000000005,546.96,369.8,177.16000000000003,47.90697674418605
P001,Electronics,West,4.8,6.75,62,2025-06,2025,6,Jun,1.9500000000000002,418.5,297.59999999999997,120.90000000000003,40.625000000000014
P001,Electronics,South,4.54,6.09,32,2025-07,2025,7,Jul,1.5499999999999998,194.88,145.28,49.599999999999994,34.14096916299559
P001,Electronics,South,4.62,6.88,84,2025-08,2025,8,Aug,2.26,577.92,388.08,189.83999999999997,48.917748917748916
P001,Electronics,West,4.46,6.83,86,2025-09,2025,9,Sep,2.37,587.38,383.56,203.82,53.139013452914796
P002,Sports,North,54.79,68.21,60,2024-01,2024,1,Jan,13.419999999999995,4092.5999999999995,3287.4,805.1999999999994,24.493520715459006
P002,Sports,East,50.33,61.73,53,2024-02,2024,2,Feb,11.399999999999999,3271.69,2667.49,604.2000000000003,22.65050665606995
P002,Sports,East,57.05,73.35,99,2024-03,2024,3,Mar,16.299999999999997,7261.65,5647.95,1613.6999999999998,28.57142857142857
P002,Sports,East,56.03,69.46,39,2024-04,2024,4,Apr,13.429999999999993,2708.9399999999996,2185.17,523.7699999999995,23.96930215955736
P002,Sports,South,53.67,69.17,104,2024-05,2024,5,May,15.5,7193.68,5581.68,1612.0,28.880193776784047
P002,Sports,East,53.28,62.23,78,2024-06,2024,6,Jun,8.949999999999996,4853.94,4155.84,698.0999999999995,16.798048048048035
P002,Sports,East,51.33,61.15,112,2024-07,2024,7,Jul,9.82,6848.8,5748.96,1099.8400000000001,19.13111240989675
P002,Sports,North,55.18,71.49,123,2024-08,2024,8,Aug,16.309999999999995,8793.269999999999,6787.14,2006.1299999999983,29.557810801014835
P002,Sports,South,50.46,62.26,81,2024-09,2024,9,Sep,11.799999999999997,5043.0599999999995,4087.26,955.7999999999993,23.384859294490667
P002,Sports,West,56.99,75.0,133,2024-10,2024,10,Oct,18.009999999999998,9975.0,7579.67,2395.33,31.60203544481488
P002,Sports,South,55.03,67.13,146,2024-11,2024,11,Nov,12.099999999999994,9800.98,8034.38,1766.5999999999995,21.988006541886236
P002,Sports,West,56.49,69.45,59,2024-12,2024,12,Dec,12.96,4097.55,3332.9100000000003,764.6399999999999,22.942113648433345
P002,Sports,East,49.63,61.94,89,2025-01,2025,1,Jan,12.309999999999995,5512.66,4417.070000000001,1095.5899999999992,24.8035462421922
P002,Sports,North,54.99,63.7,28,2025-02,2025,2,Feb,8.71,1783.6000000000001,1539.72,243.8800000000001,15.839243498817973
P002,Sports,East,50.01,59.55,112,2025-03,2025,3,Mar,9.54,6669.599999999999,5601.12,1068.4799999999996,19.076184763047383
P002,Sports,South,55.11,72.06,99,2025-04,2025,4,Apr,16.950000000000003,7133.9400000000005,5455.89,1678.0500000000002,30.75666848121938
P002,Sports,West,55.77,65.93,36,2025-05,2025,5,May,10.160000000000004,2373.4800000000005,2007.72,365.76000000000045,18.217679756141315
P002,Sports,East,52.77,65.03,101,2025-06,2025,6,Jun,12.259999999999998,6568.03,5329.77,1238.2599999999993,23.232897479628562
P002,Sports,North,49.93,63.89,32,2025-07,2025,7,Jul,13.96,2044.48,1597.76,446.72,27.95914279991989
P002,Sports,South,53.65,62.93,43,2025-08,2025,8,Aug,9.280000000000001,2705.99,2306.95,399.03999999999996,17.2972972972973
P002,Sports,South,56.29,65.37,83,2025-09,2025,9,Sep,9.080000000000005,5425.71,4672.07,753.6400000000003,16.130751465624453
P003,Sports,South,49.38,94.87,54,2024-01,2024,1,Jan,45.49,5122.9800000000005,2666.52,2456.4600000000005,92.12231672742003
P003,Sports,North,49.37,88.12,53,2024-02,2024,2,Feb,38.75000000000001,4670.360000000001,2616.6099999999997,2053.750000000001,78.48896090743371
P003,Sports,West,50.29,99.61,137,2024-03,2024,3,Mar,49.32,13646.57,6889.73,6756.84,98.07118711473454
P003,Sports,West,49.3,92.09,28,2024-04,2024,4,Apr,42.790000000000006,2578.52,1380.3999999999999,1198.1200000000001,86.7951318458418
P003,Sports,North,53.8,96.87,95,2024-05,2024,5,May,43.07000000000001,9202.65,5111.0,4091.6499999999996,80.05576208178438
P003,Sports,South,48.55,93.58,36,2024-06,2024,6,Jun,45.03,3368.88,1747.8,1621.0800000000002,92.74974253347065
P003,Sports,North,53.25,98.55,42,2024-07,2024,7,Jul,45.3,4139.099999999999,2236.5,1902.5999999999995,85.07042253521124
P003,Sports,South,52.52,94.3,30,2024-08,2024,8,Aug,41.779999999999994,2829.0,1575.6000000000001,1253.3999999999999,79.55064737242954
P003,Sports,East,55.22,101.71,107,2024-09,2024,9,Sep,46.489999999999995,10882.97,5908.54,4974.429999999999,84.19051068453459
P003,Sports,East,51.13,100.91,59,2024-10,2024,10,Oct,49.779999999999994,5953.69,3016.67,2937.0199999999995,97.35967142577742
P003,Sports,North,48.19,94.42,145,2024-11,2024,11,Nov,46.230000000000004,13690.9,6987.549999999999,6703.35,95.93276613405273
P003,Sports,North,52.21,100.6,55,2024-12,2024,12,Dec,48.38999999999999,5533.0,2871.55,2661.45,92.68339398582646
P003,Sports,North,54.8,103.49,41,2025-01,2025,1,Jan,48.69,4243.09,2246.7999999999997,1996.2900000000004,88.85036496350368
P003,Sports,East,52.77,108.84,94,2025-02,2025,2,Feb,56.07,10230.960000000001,4960.38,5270.580000000001,106.25355315520184
P003,Sports,East,55.2,100.11,36,2025-03,2025,3,Mar,44.91,3603.96,1987.2,1616.76,81.3586956521739
P003,Sports,North,53.76,98.28,63,2025-04,2025,4,Apr,44.52,6191.64,3386.8799999999997,2804.7600000000007,82.81250000000003
P003,Sports,East,49.67,97.51,57,2025-05,2025,5,May,47.84,5558.070000000001,2831.19,2726.8800000000006,96.31568351117377
P003,Sports,East,55.0,111.25,35,2025-06,2025,6,Jun,56.25,3893.75,1925.0,1968.75,102.27272727272727
P003,Sports,East,48.46,91.03,41,2025-07,2025,7,Jul,42.57,3732.23,1986.8600000000001,1745.37,87.84564589352041
P003,Sports,East,49.35,94.2,117,2025-08,2025,8,Aug,44.85,11021.4,5773.95,5247.45,90.88145896656535
P003,Sports,North,48.97,100.42,138,2025-09,2025,9,Sep,51.45,13857.960000000001,6757.86,7100.100000000001,105.06432509699819
P004,Sports,South,5.13,7.15,76,2024-01,2024,1,Jan,2.0200000000000005,543.4,389.88,153.51999999999998,39.37621832358674
P004,Sports,North,5.48,7.84,46,2024-02,2024,2,Feb,2.3599999999999994,360.64,252.08,108.55999999999997,43.06569343065692
P004,Sports,East,5.39,8.51,86,2024-03,2024,3,Mar,3.12,731.86,463.53999999999996,268.32000000000005,57.884972170686474
P004,Sports,South,5.5,7.91,48,2024-04,2024,4,Apr,2.41,379.68,264.0,115.68,43.81818181818182
P004,Sports,South,5.47,7.61,136,2024-05,2024,5,May,2.1400000000000006,1034.96,743.92,291.0400000000001,39.12248628884827
P004,Sports,West,5.41,8.52,47,2024-06,2024,6,Jun,3.1099999999999994,400.44,254.27,146.17,57.48613678373382
P004,Sports,North,5.09,7.1,73,2024-07,2024,7,Jul,2.01,518.3,371.57,146.72999999999996,39.48919449901767
P004,Sports,West,5.07,7.93,45,2024-08,2024,8,Aug,2.8599999999999994,356.84999999999997,228.15,128.69999999999996,56.41025641025639
P004,Sports,South,5.1,7.38,34,2024-09,2024,9,Sep,2.2800000000000002,250.92,173.39999999999998,77.52000000000001,44.70588235294119
P004,Sports,East,5.07,7.59,132,2024-10,2024,10,Oct,2.5199999999999996,1001.88,669.24,332.64,49.70414201183432
P004,Sports,East,5.51,7.77,60,2024-11,2024,11,Nov,2.26,466.2,330.59999999999997,135.60000000000002,41.01633393829402
P004,Sports,East,4.83,7.32,92,2024-12,2024,12,Dec,2.49,673.44,444.36,229.08000000000004,51.55279503105591
P004,Sports,East,5.13,8.21,34,2025-01,2025,1,Jan,3.080000000000001,279.14000000000004,174.42,104.72000000000006,60.03898635477587
P004,Sports,South,4.99,7.69,18,2025-02,2025,2,Feb,2.7,138.42000000000002,89.82000000000001,48.60000000000001,54.10821643286574
P004,Sports,South,5.08,7.12,131,2025-03,2025,3,Mar,2.04,932.72,665.48,267.24,40.15748031496063
P004,Sports,East,5.3,7.49,62,2025-04,2025,4,Apr,2.1900000000000004,464.38,328.59999999999997,135.78000000000003,41.32075471698114
P004,Sports,West,5.05,7.77,83,2025-05,2025,5,May,2.7199999999999998,644.91,419.15,225.76,53.86138613861387
P004,Sports,West,5.3,7.78,145,2025-06,2025,6,Jun,2.4800000000000004,1128.1000000000001,768.5,359.60000000000014,46.792452830188694
P004,Sports,East,5.11,8.01,58,2025-07,2025,7,Jul,2.8999999999999995,464.58,296.38,168.2,56.75146771037182
P004,Sports,West,5.4,8.2,66,2025-08,2025,8,Aug,2.799999999999999,541.1999999999999,356.40000000000003,184.7999999999999,51.85185185185182
P004,Sports,West,5.31,7.95,109,2025-09,2025,9,Sep,2.6400000000000006,866.5500000000001,578.79,287.7600000000001,49.71751412429381
P005,Electronics,East,18.49,33.64,53,2024-01,2024,1,Jan,15.150000000000002,1782.92,979.9699999999999,802.9500000000002,81.93618171984859
P005,Electronics,South,20.54,33.24,19,2024-02,2024,2,Feb,12.700000000000003,631.5600000000001,390.26,241.30000000000007,61.830574488802355
P005,Electronics,West,19.98,35.43,76,2024-03,2024,3,Mar,15.45,2692.68,1518.48,1174.1999999999998,77.32732732732731
P005,Electronics,South,20.28,34.02,65,2024-04,2024,4,Apr,13.740000000000002,2211.3,1318.2,893.1000000000001,67.75147928994085
P005,Electronics,North,20.78,37.33,37,2024-05,2024,5,May,16.549999999999997,1381.21,768.86,612.35,79.64388835418671
P005,Electronics,South,18.72,34.08,87,2024-06,2024,6,Jun,15.36,2964.96,1628.6399999999999,1336.3200000000002,82.05128205128207
P005,Electronics,South,20.86,33.62,42,2024-07,2024,7,Jul,12.759999999999998,1412.04,876.12,535.92,61.16970278044103
P005,Electronics,East,20.95,37.79,114,2024-08,2024,8,Aug,16.84,4308.0599999999995,2388.2999999999997,1919.7599999999998,80.38186157517899
P005,Electronics,West,20.61,35.41,45,2024-09,2024,9,Sep,14.799999999999997,1593.4499999999998,927.4499999999999,665.9999999999999,71.80980106744298
P005,Electronics,West,19.51,34.52,96,2024-10,2024,10,Oct,15.010000000000002,3313.92,1872.96,1440.96,76.93490517683239
P005,Electronics,West,20.02,33.03,41,2024-11,2024,11,Nov,13.010000000000002,1354.23,820.8199999999999,533.4100000000001,64.985014985015
P005,Electronics,South,19.0,31.56,97,2024-12,2024,12,Dec,12.559999999999999,3061.3199999999997,1843.0,1218.3199999999997,66.10526315789473
P005,Electronics,South,18.88,33.13,103,2025-01,2025,1,Jan,14.250000000000004,3412.3900000000003,1944.6399999999999,1467.7500000000005,75.47669491525426
P005,Electronics,West,19.39,33.29,54,2025-02,2025,2,Feb,13.899999999999999,1797.6599999999999,1047.06,750.5999999999999,71.68643630737493
P005,Electronics,West,19.34,34.3,94,2025-03,2025,3,Mar,14.959999999999997,3224.2,1817.96,1406.2399999999998,77.35263702171663
P005,Electronics,West,19.59,35.59,68,2025-04,2025,4,Apr,16.000000000000004,2420.1200000000003,1332.12,1088.0000000000005,81.67432363450745
P005,Electronics,West,19.77,34.89,121,2025-05,2025,5,May,15.120000000000001,4221.6900000000005,2392.17,1829.5200000000004,76.47951441578151
P005,Electronics,West,18.85,31.86,23,2025-06,2025,6,Jun,13.009999999999998,732.78,433.55,299.22999999999996,69.01856763925728
P005,Electronics,West,20.3,36.36,47,2025-07,2025,7,Jul,16.06,1708.92,954.1,754.82,79.11330049261083
P005,Electronics,North,20.83,36.02,92,2025-08,2025,8,Aug,15.190000000000005,3313.84,1916.36,1397.4800000000002,72.92366778684591
P005,Electronics,West,18.61,31.58,25,2025-09,2025,9,Sep,12.969999999999999,789.5,465.25,324.25,69.69371305749597
P006,Beauty,West,14.94,23.32,66,2024-01,2024,1,Jan,8.38,1539.1200000000001,986.04,553.0800000000002,56.09103078982599
P006,Beauty,North,15.37,23.33,26,2024-02,2024,2,Feb,7.959999999999999,606.5799999999999,399.62,206.95999999999992,51.789199739752746
P006,Beauty,East,14.82,20.33,85,2024-03,2024,3,Mar,5.509999999999998,1728.05,1259.7,468.3499999999999,37.17948717948717
P006,Beauty,North,16.46,23.05,23,2024-04,2024,4,Apr,6.59,530.15,378.58000000000004,151.56999999999994,40.036452004860244
P006,Beauty,South,14.6,21.91,111,2024-05,2024,5,May,7.3100000000000005,2432.01,1620.6,811.4100000000003,50.06849315068496
P006,Beauty,West,15.89,24.18,44,2024-06,2024,6,Jun,8.29,1063.92,699.1600000000001,364.76,52.171176840780355
P006,Beauty,North,16.07,22.38,51,2024-07,2024,7,Jul,6.309999999999999,1141.3799999999999,819.57,321.80999999999983,39.265712507778446
P006,Beauty,North,16.41,24.3,67,2024-08,2024,8,Aug,7.890000000000001,1628.1000000000001,1099.47,528.6300000000001,48.080438756855585
P006,Beauty,South,14.48,21.8,93,2024-09,2024,9,Sep,7.32,2027.4,1346.64,680.76,50.552486187845304
P006,Beauty,East,16.23,24.12,41,2024-10,2024,10,Oct,7.890000000000001,988.9200000000001,665.4300000000001,323.49,48.613678373382626
P006,Beauty,North,15.1,21.88,72,2024-11,2024,11,Nov,6.779999999999999,1575.36,1087.2,488.15999999999985,44.90066225165562
P006,Beauty,East,14.34,20.76,91,2024-12,2024,12,Dec,6.420000000000002,1889.16,1304.94,584.22,44.76987447698745
P006,Beauty,East,15.75,24.18,100,2025-01,2025,1,Jan,8.43,2418.0,1575.0,843.0,53.52380952380953
P006,Beauty,South,15.97,24.98,50,2025-02,2025,2,Feb,9.01,1249.0,798.5,450.5,56.41828428303069
P006,Beauty,West,15.36,23.57,92,2025-03,2025,3,Mar,8.21,2168.44,1413.12,755.3200000000002,53.45052083333335
P006,Beauty,South,16.19,22.28,74,2025-04,2025,4,Apr,6.09,1648.72,1198.0600000000002,450.65999999999985,37.61581222977144
P006,Beauty,West,15.6,23.41,55,2025-05,2025,5,May,7.8100000000000005,1287.55,858.0,429.54999999999995,50.06410256410256
P006,Beauty,East,14.72,20.65,54,2025-06,2025,6,Jun,5.929999999999998,1115.1,794.88,320.2199999999999,40.285326086956516
P006,Beauty,East,15.57,22.86,40,2025-07,2025,7,Jul,7.289999999999999,914.4,622.8,291.6,46.820809248554916
P006,Beauty,West,15.42,23.44,117,2025-08,2025,8,Aug,8.020000000000001,2742.48,1804.14,938.3399999999999,52.010376134889746
P006,Beauty,West,15.32,20.85,55,2025-09,2025,9,Sep,5.530000000000001,1146.75,842.6,304.15,36.09660574412532
P007,Home,West,21.13,34.01,117,2024-01,2024,1,Jan,12.879999999999999,3979.1699999999996,2472.21,1506.9599999999996,60.95598674869851
P007,Home,East,21.59,34.37,39,2024-02,2024,2,Feb,12.779999999999998,1340.4299999999998,842.01,498.41999999999985,59.19407132931911
P007,Home,South,20.4,34.8,127,2024-03,2024,3,Mar,14.399999999999999,4419.599999999999,2590.7999999999997,1828.7999999999997,70.58823529411764
P007,Home,South,20.09,33.02,118,2024-04,2024,4,Apr,12.930000000000003,3896.3600000000006,2370.62,1525.7400000000007,64.36037829766056
P007,Home,East,22.44,38.76,52,2024-05,2024,5,May,16.319999999999997,2015.52,1166.88,848.6399999999999,72.7272727272727
P007,Home,South,20.36,34.56,33,2024-06,2024,6,Jun,14.200000000000003,1140.48,671.88,468.6,69.74459724950884
P007,Home,North,21.13,35.81,39,2024-07,2024,7,Jul,14.680000000000003,1396.5900000000001,824.0699999999999,572.5200000000002,69.47468054898252
P007,Home,West,19.75,30.21,57,2024-08,2024,8,Aug,10.46,1721.97,1125.75,596.22,52.962025316455694
P007,Home,West,20.48,36.03,63,2024-09,2024,9,Sep,15.55,2269.89,1290.24,979.6499999999999,75.92773437499999
P007,Home,West,19.78,30.51,71,2024-10,2024,10,Oct,10.73,2166.21,1404.38,761.8299999999999,54.246713852376125
P007,Home,North,19.9,34.27,63,2024-11,2024,11,Nov,14.370000000000005,2159.01,1253.6999999999998,905.3100000000004,72.21105527638196
P007,Home,South,19.79,33.86,133,2024-12,2024,12,Dec,14.07,4503.38,2632.0699999999997,1871.3100000000004,71.09651339060133
P007,Home,South,21.81,35.3,74,2025-01,2025,1,Jan,13.489999999999998,2612.2,1613.9399999999998,998.26,61.85236130215498
P007,Home,West,20.37,34.15,105,2025-02,2025,2,Feb,13.779999999999998,3585.75,2138.85,1446.9,67.6485027000491
P007,Home,North,22.34,35.23,45,2025-03,2025,3,Mar,12.889999999999997,1585.35,1005.3,580.05,57.69919427036705
P007,Home,North,19.91,31.23,27,2025-04,2025,4,Apr,11.32,843.21,537.57,305.64,56.85585133098945
P007,Home,West,20.81,34.75,50,2025-05,2025,5,May,13.940000000000001,1737.5,1040.5,697.0,66.98702546852475
P007,Home,East,21.6,36.64,70,2025-06,2025,6,Jun,15.04,2564.8,1512.0,1052.8000000000002,69.62962962962965
P007,Home,South,22.27,38.23,113,2025-07,2025,7,Jul,15.959999999999997,4319.99,2516.5099999999998,1803.48,71.66591827570724
P007,Home,South,20.74,34.39,96,2025-08,2025,8,Aug,13.650000000000002,3301.44,1991.04,1310.4,65.81485053037609
P007,Home,East,21.97,33.92,50,2025-09,2025,9,Sep,11.950000000000003,1696.0,1098.5,597.5,54.39235320892125
P008,Sports,East,46.42,75.71,62,2024-01,2024,1,Jan,29.289999999999992,4694.0199999999995,2878.04,1815.9799999999996,63.09780267126237
P008,Sports,East,46.84,76.67,26,2024-02,2024,2,Feb,29.83,1993.42,1217.8400000000001,775.5799999999999,63.68488471391971
P008,Sports,West,48.44,80.57,19,2024-03,2024,3,Mar,32.129999999999995,1530.83,920.3599999999999,610.47,66.32947976878614
P008,Sports,North,50.26,84.42,56,2024-04,2024,4,Apr,34.160000000000004,4727.52,2814.56,1912.9600000000005,67.966573816156
P008,Sports,South,46.63,78.09,49,2024-05,2024,5,May,31.46,3826.4100000000003,2284.8700000000003,1541.54,67.46729573236114
P008,Sports,West,47.76,78.16,31,2024-06,2024,6,Jun,30.4,2422.96,1480.56,942.4000000000001,63.65159128978225
P008,Sports,West,45.69,76.72,38,2024-07,2024,7,Jul,31.03,2915.36,1736.2199999999998,1179.1400000000003,67.91420442109873
P008,Sports,West,45.38,79.19,124,2024-08,2024,8,Aug,33.809999999999995,9819.56,5627.12,4192.44,74.50418686646098
P008,Sports,West,44.01,69.49,42,2024-09,2024,9,Sep,25.479999999999997,2918.58,1848.4199999999998,1070.16,57.89593274255852
P008,Sports,West,49.33,84.67,22,2024-10,2024,10,Oct,35.34,1862.74,1085.26,777.48,71.63997567403203
P008,Sports,West,46.24,72.3,90,2024-11,2024,11,Nov,26.059999999999995,6507.0,4161.6,2345.3999999999996,56.35813148788926
P008,Sports,West,47.69,81.11,54,2024-12,2024,12,Dec,33.42,4379.94,2575.2599999999998,1804.6799999999998,70.07758439924513
P008,Sports,South,49.76,80.79,115,2025-01,2025,1,Jan,31.03000000000001,9290.85,5722.4,3568.4500000000007,62.35932475884246
P008,Sports,North,50.08,83.36,48,2025-02,2025,2,Feb,33.28,4001.2799999999997,2403.84,1597.4399999999996,66.45367412140573
P008,Sports,East,47.18,77.89,29,2025-03,2025,3,Mar,30.71,2258.81,1368.22,890.5899999999999,65.09114031369224
P008,Sports,North,46.57,72.03,42,2025-04,2025,4,Apr,25.46,3025.26,1955.94,1069.3200000000002,54.67038866222891
P008,Sports,East,46.89,74.28,104,2025-05,2025,5,May,27.39,7725.12,4876.56,2848.5599999999995,58.4133077415227
P008,Sports,South,46.54,72.29,56,2025-06,2025,6,Jun,25.750000000000007,4048.2400000000002,2606.24,1442.0000000000005,55.328749462827695
P008,Sports,South,49.33,78.18,74,2025-07,2025,7,Jul,28.85000000000001,5785.320000000001,3650.42,2134.9000000000005,58.48368132981959
P008,Sports,East,49.03,77.78,72,2025-08,2025,8,Aug,28.75,5600.16,3530.16,2070.0,58.637568835406896
P008,Sports,West,49.34,80.21,83,2025-09,2025,9,Sep,30.86999999999999,6657.429999999999,4095.2200000000003,2562.209999999999,62.56586947709767
P009,Sports,East,50.22,80.66,51,2024-01,2024,1,Jan,30.439999999999998,4113.66,2561.22,1552.44,60.613301473516536
P009,Sports,South,50.13,74.25,56,2024-02,2024,2,Feb,24.119999999999997,4158.0,2807.28,1350.7199999999998,48.11490125673249
P009,Sports,West,46.85,71.99,124,2024-03,2024,3,Mar,25.139999999999993,8926.76,5809.400000000001,3117.3599999999997,53.660618996798284
P009,Sports,West,50.89,72.19,90,2024-04,2024,4,Apr,21.299999999999997,6497.099999999999,4580.1,1916.999999999999,41.8549813322853
P009,Sports,North,50.25,74.75,103,2024-05,2024,5,May,24.5,7699.25,5175.75,2523.5,48.756218905472636
P009,Sports,North,49.2,72.86,126,2024-06,2024,6,Jun,23.659999999999997,9180.36,6199.200000000001,2981.16,48.08943089430894
P009,Sports,North,47.43,76.06,68,2024-07,2024,7,Jul,28.630000000000003,5172.08,3225.24,1946.8400000000001,60.36263967952773
P009,Sports,West,48.69,76.83,126,2024-08,2024,8,Aug,28.14,9680.58,6134.94,3545.6400000000003,57.79420825631547
P009,Sports,West,50.81,77.66,121,2024-09,2024,9,Sep,26.849999999999994,9396.859999999999,6148.01,3248.8499999999985,52.84392836055892
P009,Sports,North,48.46,69.9,131,2024-10,2024,10,Oct,21.440000000000005,9156.900000000001,6348.26,2808.6400000000012,44.24267437061496
P009,Sports,South,49.37,73.37,46,2024-11,2024,11,Nov,24.000000000000007,3375.0200000000004,2271.02,1104.0000000000005,48.61251772331377
P009,Sports,North,47.25,72.92,24,2024-12,2024,12,Dec,25.67,1750.08,1134.0,616.0799999999999,54.32804232804232
P009,Sports,North,46.21,68.07,36,2025-01,2025,1,Jan,21.859999999999992,2450.5199999999995,1663.56,786.9599999999996,47.30577797013631
P009,Sports,West,48.11,75.29,31,2025-02,2025,2,Feb,27.180000000000007,2333.9900000000002,1491.41,842.5800000000002,56.495531074620665
P009,Sports,West,48.48,69.99,86,2025-03,2025,3,Mar,21.509999999999998,6019.139999999999,4169.28,1849.8599999999997,44.368811881188115
P009,Sports,West,48.61,72.51,91,2025-04,2025,4,Apr,23.900000000000006,6598.410000000001,4423.51,2174.9000000000005,49.166838099156564
P009,Sports,West,50.44,77.66,36,2025-05,2025,5,May,27.22,2795.7599999999998,1815.84,979.9199999999998,53.96510705789056
P009,Sports,East,51.05,74.36,86,2025-06,2025,6,Jun,23.310000000000002,6394.96,4390.3,2004.6599999999999,45.661116552399605
P009,Sports,West,50.05,71.8,86,2025-07,2025,7,Jul,21.75,6174.8,4304.3,1870.5,43.45654345654346
P009,Sports,North,45.81,69.47,93,2025-08,2025,8,Aug,23.659999999999997,6460.71,4260.33,2200.38,51.64811176598996
P009,Sports,East,44.31,69.71,70,2025-09,2025,9,Sep,25.39999999999999,4879.7,3101.7000000000003,1777.9999999999995,57.32340329496726
P010,Sports,North,56.84,105.3,62,2024-01,2024,1,Jan,48.459999999999994,6528.599999999999,3524.0800000000004,3004.519999999999,85.25686136523572
P010,Sports,South,54.46,95.29,75,2024-02,2024,2,Feb,40.830000000000005,7146.750000000001,4084.5,3062.250000000001,74.97245684906355
P010,Sports,East,55.01,101.56,113,2024-03,2024,3,Mar,46.550000000000004,11476.28,6216.13,5260.150000000001,84.62097800399928
P010,Sports,South,54.62,103.45,84,2024-04,2024,4,Apr,48.830000000000005,8689.800000000001,4588.08,4101.720000000001,89.39948736726477
P010,Sports,West,49.96,87.58,30,2024-05,2024,5,May,37.62,2627.4,1498.8,1128.6000000000001,75.30024019215374
P010,Sports,East,52.26,92.31,39,2024-06,2024,6,Jun,40.050000000000004,3600.09,2038.1399999999999,1561.9500000000003,76.63605051664754
P010,Sports,East,53.86,102.15,38,2024-07,2024,7,Jul,48.290000000000006,3881.7000000000003,2046.68,1835.0200000000002,89.6583735610843
P010,Sports,West,57.28,99.37,73,2024-08,2024,8,Aug,42.09,7254.01,4181.4400000000005,3072.5699999999997,73.48114525139663
P010,Sports,West,57.25,97.01,57,2024-09,2024,9,Sep,39.760000000000005,5529.570000000001,3263.25,2266.3200000000006,69.44978165938866
P010,Sports,West,57.28,107.01,57,2024-10,2024,10,Oct,49.730000000000004,6099.570000000001,3264.96,2834.6100000000006,86.81913407821231
P010,Sports,West,49.8,89.54,96,2024-11,2024,11,Nov,39.74000000000001,8595.84,4780.799999999999,3815.040000000001,79.79919678714863
P010,Sports,East,54.28,101.66,74,2024-12,2024,12,Dec,47.379999999999995,7522.84,4016.7200000000003,3506.12,87.28813559322033
P010,Sports,South,53.39,97.16,90,2025-01,2025,1,Jan,43.769999999999996,8744.4,4805.1,3939.2999999999993,81.98164450271584
P010,Sports,South,54.78,99.91,83,2025-02,2025,2,Feb,45.129999999999995,8292.529999999999,4546.74,3745.789999999999,82.38408178167212
P010,Sports,East,54.79,92.49,31,2025-03,2025,3,Mar,37.699999999999996,2867.19,1698.49,1168.7,68.80817667457565
P010,Sports,East,57.51,97.08,62,2025-04,2025,4,Apr,39.57,6018.96,3565.62,2453.34,68.80542514345332
P010,Sports,South,52.74,92.54,134,2025-05,2025,5,May,39.800000000000004,12400.36,7067.16,5333.200000000001,75.46454304133486
P010,Sports,West,54.3,100.33,84,2025-06,2025,6,Jun,46.03,8427.72,4561.2,3866.5199999999995,84.76979742173111
P010,Sports,West,54.52,103.77,48,2025-07,2025,7,Jul,49.24999999999999,4980.96,2616.96,2364.0,90.33382245047689
P010,Sports,East,51.4,91.18,62,2025-08,2025,8,Aug,39.78000000000001,5653.160000000001,3186.7999999999997,2466.360000000001,77.39299610894945
P010,Sports,North,57.39,100.65,106,2025-09,2025,9,Sep,43.260000000000005,10668.900000000001,6083.34,4585.560000000001,75.37898588604288
P011,Grocery,West,18.05,33.28,105,2024-01,2024,1,Jan,15.23,3494.4,1895.25,1599.15,84.37673130193907
P011,Grocery,North,17.93,33.67,33,2024-02,2024,2,Feb,15.740000000000002,1111.1100000000001,591.6899999999999,519.4200000000002,87.78583379810378
P011,Grocery,South,17.98,35.95,48,2024-03,2024,3,Mar,17.970000000000002,1725.6000000000001,863.04,862.5600000000002,99.944382647386
P011,Grocery,South,18.71,34.15,78,2024-04,2024,4,Apr,15.439999999999998,2663.7,1459.38,1204.3199999999997,82.52271512560125
P011,Grocery,South,20.56,39.8,36,2024-05,2024,5,May,19.24,1432.8,740.16,692.64,93.57976653696498
P011,Grocery,North,18.16,34.23,110,2024-06,2024,6,Jun,16.069999999999997,3765.2999999999997,1997.6,1767.6999999999998,88.49118942731276
P011,Grocery,East,17.83,33.14,40,2024-07,2024,7,Jul,15.310000000000002,1325.6,713.1999999999999,612.4,85.86651710600113
P011,Grocery,North,19.88,38.13,116,2024-08,2024,8,Aug,18.250000000000004,4423.08,2306.08,2117.0,91.80080482897385
P011,Grocery,North,19.06,35.19,83,2024-09,2024,9,Sep,16.13,2920.77,1581.9799999999998,1338.7900000000002,84.62749213011544
P011,Grocery,East,19.08,39.22,34,2024-10,2024,10,Oct,20.14,1333.48,648.7199999999999,684.7600000000001,105.55555555555559
P011,Grocery,West,18.99,34.45,169,2024-11,2024,11,Nov,15.460000000000004,5822.05,3209.31,2612.7400000000002,81.41126908899422
P011,Grocery,North,20.31,38.07,41,2024-12,2024,12,Dec,17.76,1560.8700000000001,832.7099999999999,728.1600000000002,87.4446085672083
P011,Grocery,East,19.54,38.08,109,2025-01,2025,1,Jan,18.54,4150.72,2129.86,2020.8600000000001,94.88229273285567
P011,Grocery,East,19.06,37.25,32,2025-02,2025,2,Feb,18.19,1192.0,609.92,582.08,95.4354669464848
P011,Grocery,North,20.18,39.7,129,2025-03,2025,3,Mar,19.520000000000003,5121.3,2603.22,2518.0800000000004,96.72943508424184
P011,Grocery,South,19.0,38.65,72,2025-04,2025,4,Apr,19.65,2782.7999999999997,1368.0,1414.7999999999997,103.42105263157893
P011,Grocery,West,18.91,37.62,63,2025-05,2025,5,May,18.709999999999997,2370.06,1191.33,1178.73,98.94235854045479
P011,Grocery,East,18.84,34.42,72,2025-06,2025,6,Jun,15.580000000000002,2478.2400000000002,1356.48,1121.7600000000002,82.69639065817411
P011,Grocery,North,18.05,32.69,118,2025-07,2025,7,Jul,14.639999999999997,3857.4199999999996,2129.9,1727.5199999999995,81.1080332409972
P011,Grocery,South,19.35,37.71,102,2025-08,2025,8,Aug,18.36,3846.42,1973.7,1872.72,94.88372093023256
P011,Grocery,North,18.94,38.45,124,2025-09,2025,9,Sep,19.51,4767.8,2348.56,2419.2400000000002,103.00950369588176
P012,Electronics,East,56.19,93.42,41,2024-01,2024,1,Jan,37.230000000000004,3830.2200000000003,2303.79,1526.4300000000003,66.25734116390818
P012,Electronics,South,62.69,101.83,73,2024-02,2024,2,Feb,39.14,7433.59,4576.37,2857.2200000000003,62.43420003190302
P012,Electronics,East,60.3,104.65,109,2024-03,2024,3,Mar,44.35000000000001,11406.85,6572.7,4834.150000000001,73.54892205638475
P012,Electronics,North,60.61,102.99,99,2024-04,2024,4,Apr,42.379999999999995,10196.01,6000.39,4195.62,69.92245504042238
P012,Electronics,South,57.67,99.46,60,2024-05,2024,5,May,41.78999999999999,5967.599999999999,3460.2000000000003,2507.399999999999,72.46401942084269
P012,Electronics,South,62.88,105.44,60,2024-06,2024,6,Jun,42.559999999999995,6326.4,3772.8,2553.5999999999995,67.68447837150126
P012,Electronics,North,56.09,93.57,68,2024-07,2024,7,Jul,37.47999999999999,6362.759999999999,3814.1200000000003,2548.639999999999,66.82118024603312
P012,Electronics,East,56.66,91.51,70,2024-08,2024,8,Aug,34.85000000000001,6405.700000000001,3966.2,2439.500000000001,61.5072361454289
P012,Electronics,North,63.0,99.36,126,2024-09,2024,9,Sep,36.36,12519.36,7938.0,4581.360000000001,57.714285714285715
P012,Electronics,North,57.66,98.03,89,2024-10,2024,10,Oct,40.370000000000005,8724.67,5131.74,3592.9300000000003,70.01387443635103
P012,Electronics,West,57.67,99.35,41,2024-11,2024,11,Nov,41.67999999999999,4073.35,2364.4700000000003,1708.8799999999997,72.27327900121378
P012,Electronics,North,57.76,98.43,109,2024-12,2024,12,Dec,40.67000000000001,10728.87,6295.84,4433.030000000001,70.41204986149584
P012,Electronics,East,55.69,91.07,84,2025-01,2025,1,Jan,35.379999999999995,7649.879999999999,4677.96,2971.919999999999,63.530256778595785
P012,Electronics,South,57.92,92.13,36,2025-02,2025,2,Feb,34.209999999999994,3316.68,2085.12,1231.56,59.06422651933701
P012,Electronics,East,58.15,89.62,120,2025-03,2025,3,Mar,31.470000000000006,10754.400000000001,6978.0,3776.4000000000015,54.11865864144456
P012,Electronics,South,58.61,100.24,92,2025-04,2025,4,Apr,41.629999999999995,9222.08,5392.12,3829.96,71.02883466985156
P012,Electronics,East,55.92,97.79,26,2025-05,2025,5,May,41.870000000000005,2542.54,1453.92,1088.62,74.87482117310442
P012,Electronics,West,63.33,110.75,98,2025-06,2025,6,Jun,47.42,10853.5,6206.34,4647.16,74.87762513816516
P012,Electronics,West,61.48,100.88,35,2025-07,2025,7,Jul,39.4,3530.7999999999997,2151.7999999999997,1379.0,64.08588158750814
P012,Electronics,East,56.79,100.49,97,2025-08,2025,8,Aug,43.699999999999996,9747.529999999999,5508.63,4238.899999999999,76.95016728297233
P012,Electronics,East,56.06,97.8,54,2025-09,2025,9,Sep,41.739999999999995,5281.2,3027.2400000000002,2253.9599999999996,74.45594006421689
P013,Grocery,East,34.9,50.68,103,2024-01,2024,1,Jan,15.780000000000001,5220.04,3594.7,1625.3400000000001,45.214899713467055
P013,Grocery,North,33.84,48.94,95,2024-02,2024,2,Feb,15.099999999999994,4649.3,3214.8,1434.5,44.62174940898345
P013,Grocery,South,32.39,46.5,39,2024-03,2024,3,Mar,14.11,1813.5,1263.21,550.29,43.56282803334362
P013,Grocery,South,34.97,54.15,50,2024-04,2024,4,Apr,19.18,2707.5,1748.5,959.0,54.84701172433515
P013,Grocery,West,33.51,51.21,94,2024-05,2024,5,May,17.700000000000003,4813.74,3149.9399999999996,1663.8000000000002,52.82005371530888
P013,Grocery,East,35.48,54.72,39,2024-06,2024,6,Jun,19.240000000000002,2134.08,1383.7199999999998,750.3600000000001,54.22773393461107
P013,Grocery,West,33.4,49.11,59,2024-07,2024,7,Jul,15.71,2897.49,1970.6,926.8899999999999,47.03592814371257
P013,Grocery,East,33.72,49.63,65,2024-08,2024,8,Aug,15.910000000000004,3225.9500000000003,2191.7999999999997,1034.1500000000005,47.18268090154214
P013,Grocery,East,35.32,50.16,33,2024-09,2024,9,Sep,14.839999999999996,1655.28,1165.56,489.72,42.0158550396376
P013,Grocery,West,33.5,51.12,138,2024-10,2024,10,Oct,17.619999999999997,7054.5599999999995,4623.0,2431.5599999999995,52.59701492537312
P013,Grocery,West,35.7,54.62,53,2024-11,2024,11,Nov,18.919999999999995,2894.8599999999997,1892.1000000000001,1002.7599999999995,52.99719887955179
P013,Grocery,West,33.69,54.42,85,2024-12,2024,12,Dec,20.730000000000004,4625.7,2863.6499999999996,1762.0500000000002,61.53161175422975
P013,Grocery,East,36.07,51.29,94,2025-01,2025,1,Jan,15.219999999999999,4821.26,3390.58,1430.6800000000003,42.195730523981155
P013,Grocery,South,34.71,56.33,78,2025-02,2025,2,Feb,21.619999999999997,4393.74,2707.38,1686.3599999999997,62.287525208873504
P013,Grocery,South,33.02,53.05,71,2025-03,2025,3,Mar,20.029999999999994,3766.5499999999997,2344.42,1422.1299999999997,60.660205935796476
P013,Grocery,East,34.57,48.91,114,2025-04,2025,4,Apr,14.339999999999996,5575.74,3940.98,1634.7599999999998,41.481052936071734
P013,Grocery,North,32.85,50.16,68,2025-05,2025,5,May,17.309999999999995,3410.8799999999997,2233.8,1177.0799999999995,52.694063926940615
P013,Grocery,South,32.87,50.37,48,2025-06,2025,6,Jun,17.5,2417.7599999999998,1577.7599999999998,840.0,53.24003650745362
P013,Grocery,East,35.99,56.07,65,2025-07,2025,7,Jul,20.08,3644.55,2339.35,1305.2000000000003,55.793275909975
P013,Grocery,North,32.75,48.69,76,2025-08,2025,8,Aug,15.939999999999998,3700.4399999999996,2489.0,1211.4399999999996,48.67175572519082
P013,Grocery,North,34.41,51.51,58,2025-09,2025,9,Sep,17.1,2987.58,1995.7799999999997,991.8000000000002,49.694856146469064
P014,Beauty,West,12.99,19.29,32,2024-01,2024,1,Jan,6.299999999999999,617.28,415.68,201.59999999999997,48.498845265588905
P014,Beauty,North,13.62,18.96,111,2024-02,2024,2,Feb,5.340000000000002,2104.56,1511.82,592.74,39.207048458149785
P014,Beauty,North,13.93,20.34,85,2024-03,2024,3,Mar,6.41,1728.9,1184.05,544.8500000000001,46.015793251974166
P014,Beauty,West,12.92,17.04,122,2024-04,2024,4,Apr,4.119999999999999,2078.88,1576.24,502.6400000000001,31.888544891640873
P014,Beauty,South,14.05,18.14,72,2024-05,2024,5,May,4.09,1306.08,1011.6,294.4799999999999,29.1103202846975
P014,Beauty,South,14.54,20.44,131,2024-06,2024,6,Jun,5.900000000000002,2677.6400000000003,1904.7399999999998,772.9000000000005,40.57771664374143
P014,Beauty,West,13.08,17.41,122,2024-07,2024,7,Jul,4.33,2124.02,1595.76,528.26,33.103975535168196
P014,Beauty,South,13.34,19.67,77,2024-08,2024,8,Aug,6.330000000000002,1514.5900000000001,1027.18,487.4100000000001,47.451274362818594
P014,Beauty,East,14.16,19.6,90,2024-09,2024,9,Sep,5.440000000000001,1764.0000000000002,1274.4,489.60000000000014,38.418079096045204
P014,Beauty,South,14.21,18.62,44,2024-10,2024,10,Oct,4.41,819.2800000000001,625.24,194.04000000000008,31.0344827586207
P014,Beauty,West,14.35,20.01,46,2024-11,2024,11,Nov,5.660000000000002,920.46,660.1,260.36,39.44250871080139
P014,Beauty,North,13.18,18.94,69,2024-12,2024,12,Dec,5.760000000000002,1306.8600000000001,909.42,397.44000000000017,43.702579666160865
P014,Beauty,South,14.27,18.57,57,2025-01,2025,1,Jan,4.300000000000001,1058.49,813.39,245.10000000000002,30.13314646110722
P014,Beauty,East,14.46,19.76,63,2025-02,2025,2,Feb,5.300000000000001,1244.88,910.98,333.9000000000001,36.65283540802214
P014,Beauty,South,13.38,17.38,41,2025-03,2025,3,Mar,3.9999999999999982,712.5799999999999,548.58,163.9999999999999,29.895366218236152
P014,Beauty,North,14.28,20.19,35,2025-04,2025,4,Apr,5.910000000000002,706.6500000000001,499.79999999999995,206.85000000000014,41.386554621848774
P014,Beauty,East,14.44,19.9,44,2025-05,2025,5,May,5.459999999999999,875.5999999999999,635.36,240.2399999999999,37.811634349030456
P014,Beauty,West,13.5,17.33,26,2025-06,2025,6,Jun,3.8299999999999983,450.5799999999999,351.0,99.57999999999993,28.370370370370352
P014,Beauty,South,14.27,19.89,129,2025-07,2025,7,Jul,5.620000000000001,2565.81,1840.83,724.98,39.3833216538192
P014,Beauty,West,12.83,17.2,54,2025-08,2025,8,Aug,4.369999999999999,928.8,692.82,235.9799999999999,34.06079501169133
P014,Beauty,South,13.45,19.41,71,2025-09,2025,9,Sep,5.960000000000001,1378.11,954.9499999999999,423.15999999999997,44.312267657992564
P015,Grocery,South,39.15,47.13,21,2024-01,2024,1,Jan,7.980000000000004,989.73,822.15,167.58000000000004,20.383141762452112
P015,Grocery,South,38.33,45.42,74,2024-02,2024,2,Feb,7.090000000000003,3361.08,2836.42,524.6599999999999,18.497260631359243
P015,Grocery,East,35.54,44.3,95,2024-03,2024,3,Mar,8.759999999999998,4208.5,3376.2999999999997,832.2000000000003,24.648283624085547
P015,Grocery,North,37.33,46.15,98,2024-04,2024,4,Apr,8.82,4522.7,3658.3399999999997,864.3600000000001,23.627109563353876
P015,Grocery,East,36.57,42.2,101,2024-05,2024,5,May,5.630000000000003,4262.200000000001,3693.57,568.6300000000006,15.395132622368077
P015,Grocery,South,39.23,49.63,125,2024-06,2024,6,Jun,10.400000000000006,6203.75,4903.75,1300.0,26.510323731837882
P015,Grocery,East,35.9,43.62,73,2024-07,2024,7,Jul,7.719999999999999,3184.2599999999998,2620.7,563.56,21.5041782729805
P015,Grocery,South,39.77,50.72,112,2024-08,2024,8,Aug,10.949999999999996,5680.639999999999,4454.240000000001,1226.3999999999987,27.53331657027907
P015,Grocery,South,39.67,46.11,146,2024-09,2024,9,Sep,6.439999999999998,6732.0599999999995,5791.820000000001,940.2399999999989,16.233929921855285
P015,Grocery,North,36.79,42.64,54,2024-10,2024,10,Oct,5.850000000000001,2302.56,1986.6599999999999,315.9000000000001,15.901060070671383
P015,Grocery,East,40.35,50.22,115,2024-11,2024,11,Nov,9.869999999999997,5775.3,4640.25,1135.0500000000002,24.460966542750935
P015,Grocery,North,39.35,46.66,98,2024-12,2024,12,Dec,7.309999999999995,4572.679999999999,3856.3,716.3799999999992,18.57687420584496
P015,Grocery,North,39.97,48.41,41,2025-01,2025,1,Jan,8.439999999999998,1984.81,1638.77,346.03999999999996,21.115836877658243
P015,Grocery,West,40.1,51.57,58,2025-02,2025,2,Feb,11.469999999999999,2991.06,2325.8,665.2599999999998,28.603491271820435
P015,Grocery,South,37.92,47.07,83,2025-03,2025,3,Mar,9.149999999999999,3906.81,3147.36,759.4499999999998,24.12974683544303
P015,Grocery,North,39.2,45.68,125,2025-04,2025,4,Apr,6.479999999999997,5710.0,4900.0,810.0,16.53061224489796
P015,Grocery,South,38.19,46.18,30,2025-05,2025,5,May,7.990000000000002,1385.4,1145.6999999999998,239.70000000000027,20.92170725320767
P015,Grocery,East,36.87,46.47,69,2025-06,2025,6,Jun,9.600000000000001,3206.43,2544.0299999999997,662.4000000000001,26.03742880390562
P015,Grocery,West,37.12,43.01,74,2025-07,2025,7,Jul,5.890000000000001,3182.74,2746.8799999999997,435.8600000000001,15.867456896551731
P015,Grocery,West,36.69,48.76,24,2025-08,2025,8,Aug,12.07,1170.24,880.56,289.68000000000006,32.89724720632326
P015,Grocery,West,37.18,48.2,101,2025-09,2025,9,Sep,11.020000000000003,4868.200000000001,3755.18,1113.020000000001,29.639591178052743
P016,Electronics,West,10.64,16.6,126,2024-01,2024,1,Jan,5.960000000000001,2091.6000000000004,1340.64,750.9600000000003,56.01503759398497
P016,Electronics,East,11.22,18.88,71,2024-02,2024,2,Feb,7.659999999999998,1340.48,796.62,543.86,68.27094474153299
P016,Electronics,West,12.17,19.89,98,2024-03,2024,3,Mar,7.720000000000001,1949.22,1192.66,756.56,63.434675431388655
P016,Electronics,South,11.47,18.82,95,2024-04,2024,4,Apr,7.35,1787.9,1089.65,698.25,64.08020924149956
P016,Electronics,North,10.62,16.88,84,2024-05,2024,5,May,6.26,1417.9199999999998,892.0799999999999,525.8399999999999,58.945386064030124
P016,Electronics,North,11.02,17.71,70,2024-06,2024,6,Jun,6.690000000000001,1239.7,771.4,468.30000000000007,60.70780399274048
P016,Electronics,East,11.74,20.99,39,2024-07,2024,7,Jul,9.249999999999998,818.6099999999999,457.86,360.7499999999999,78.79045996592843
P016,Electronics,North,11.34,19.99,94,2024-08,2024,8,Aug,8.649999999999999,1879.06,1065.96,813.0999999999999,76.27865961199294
P016,Electronics,East,11.7,20.09,95,2024-09,2024,9,Sep,8.39,1908.55,1111.5,797.05,71.7094017094017
P016,Electronics,East,12.0,20.61,120,2024-10,2024,10,Oct,8.61,2473.2,1440.0,1033.1999999999998,71.74999999999999
P016,Electronics,East,11.43,17.99,65,2024-11,2024,11,Nov,6.559999999999999,1169.35,742.9499999999999,426.4,57.392825896762915
P016,Electronics,South,11.9,18.45,122,2024-12,2024,12,Dec,6.549999999999999,2250.9,1451.8,799.1000000000001,55.04201680672271
P016,Electronics,West,11.92,20.01,120,2025-01,2025,1,Jan,8.090000000000002,2401.2000000000003,1430.4,970.8000000000002,67.86912751677853
P016,Electronics,North,11.1,19.84,100,2025-02,2025,2,Feb,8.74,1984.0,1110.0,874.0,78.73873873873873
P016,Electronics,West,11.87,20.71,26,2025-03,2025,3,Mar,8.840000000000002,538.46,308.62,229.84000000000003,74.47346251053077
P016,Electronics,East,11.65,19.27,116,2025-04,2025,4,Apr,7.619999999999999,2235.32,1351.4,883.9200000000001,65.4077253218884
P016,Electronics,South,12.05,20.9,113,2025-05,2025,5,May,8.849999999999998,2361.7,1361.65,1000.0499999999997,73.4439834024896
P016,Electronics,South,11.3,19.96,33,2025-06,2025,6,Jun,8.66,658.6800000000001,372.90000000000003,285.78000000000003,76.63716814159292
P016,Electronics,South,11.09,17.56,107,2025-07,2025,7,Jul,6.469999999999999,1878.9199999999998,1186.6299999999999,692.29,58.340847610459875
P016,Electronics,East,11.99,19.25,131,2025-08,2025,8,Aug,7.26,2521.75,1570.69,951.06,60.55045871559632
P016,Electronics,East,10.79,17.46,81,2025-09,2025,9,Sep,6.670000000000002,1414.26,873.9899999999999,540.2700000000001,61.81649675625581
P017,Home,South,38.53,65.49,91,2024-01,2024,1,Jan,26.959999999999994,5959.589999999999,3506.23,2453.359999999999,69.97145081754475
P017,Home,North,39.44,60.46,25,2024-02,2024,2,Feb,21.020000000000003,1511.5,986.0,525.5,53.29614604462475
P017,Home,East,38.48,65.84,77,2024-03,2024,3,Mar,27.360000000000007,5069.68,2962.9599999999996,2106.7200000000007,71.10187110187114
P017,Home,North,37.64,63.13,61,2024-04,2024,4,Apr,25.490000000000002,3850.9300000000003,2296.04,1554.8900000000003,67.72051009564295
P017,Home,East,37.56,64.6,105,2024-05,2024,5,May,27.039999999999992,6782.999999999999,3943.8,2839.199999999999,71.99148029818954
P017,Home,West,35.3,54.38,75,2024-06,2024,6,Jun,19.080000000000005,4078.5,2647.5,1431.0,54.05099150141643
P017,Home,West,36.02,60.24,71,2024-07,2024,7,Jul,24.22,4277.04,2557.42,1719.62,67.24042198778456
P017,Home,East,38.94,67.5,62,2024-08,2024,8,Aug,28.560000000000002,4185.0,2414.2799999999997,1770.7200000000003,73.34360554699539
P017,Home,East,37.73,58.55,51,2024-09,2024,9,Sep,20.82,2986.0499999999997,1924.2299999999998,1061.82,55.18155314073682
P017,Home,East,37.37,58.3,25,2024-10,2024,10,Oct,20.93,1457.5,934.2499999999999,523.2500000000001,56.007492641156034
P017,Home,West,39.66,64.52,59,2024-11,2024,11,Nov,24.86,3806.68,2339.9399999999996,1466.7400000000002,62.68280383257693
P017,Home,East,35.94,56.23,110,2024-12,2024,12,Dec,20.29,6185.299999999999,3953.3999999999996,2231.8999999999996,56.45520311630495
P017,Home,East,37.64,58.26,74,2025-01,2025,1,Jan,20.619999999999997,4311.24,2785.36,1525.8799999999997,54.78214665249733
P017,Home,South,36.08,58.13,21,2025-02,2025,2,Feb,22.050000000000004,1220.73,757.68,463.05000000000007,61.114190687361436
P017,Home,West,36.47,55.73,34,2025-03,2025,3,Mar,19.259999999999998,1894.82,1239.98,654.8399999999999,52.8105292020839
P017,Home,East,38.9,66.53,58,2025-04,2025,4,Apr,27.630000000000003,3858.7400000000002,2256.2,1602.5400000000004,71.02827763496147
P017,Home,North,38.04,59.84,89,2025-05,2025,5,May,21.800000000000004,5325.76,3385.56,1940.2000000000003,57.308096740273406
P017,Home,West,37.67,64.43,67,2025-06,2025,6,Jun,26.760000000000005,4316.81,2523.8900000000003,1792.92,71.03796124236793
P017,Home,North,35.61,55.18,82,2025-07,2025,7,Jul,19.57,4524.76,2920.02,1604.7400000000002,54.956472900870544
P017,Home,East,37.97,61.29,36,2025-08,2025,8,Aug,23.32,2206.44,1366.92,839.52,61.416908085330526
P017,Home,West,37.65,57.87,44,2025-09,2025,9,Sep,20.22,2546.2799999999997,1656.6,889.6799999999998,53.70517928286852
P018,Grocery,South,32.58,44.28,38,2024-01,2024,1,Jan,11.700000000000003,1682.64,1238.04,444.60000000000014,35.91160220994477
P018,Grocery,East,33.88,45.34,73,2024-02,2024,2,Feb,11.46,3309.82,2473.2400000000002,836.5799999999999,33.82526564344745
P018,Grocery,East,33.29,41.36,67,2024-03,2024,3,Mar,8.07,2771.12,2230.43,540.69,24.24151396815861
P018,Grocery,West,33.83,47.19,131,2024-04,2024,4,Apr,13.36,6181.889999999999,4431.73,1750.1599999999999,39.49157552468224
P018,Grocery,North,33.89,43.75,117,2024-05,2024,5,May,9.86,5118.75,3965.13,1153.62,29.094128061375034
P018,Grocery,South,34.5,46.69,42,2024-06,2024,6,Jun,12.189999999999998,1960.98,1449.0,511.98,35.333333333333336
P018,Grocery,West,31.69,43.49,25,2024-07,2024,7,Jul,11.8,1087.25,792.25,295.0,37.2357210476491
P018,Grocery,North,31.9,42.28,65,2024-08,2024,8,Aug,10.380000000000003,2748.2000000000003,2073.5,674.7000000000003,32.53918495297807
P018,Grocery,South,32.98,45.86,96,2024-09,2024,9,Sep,12.880000000000003,4402.5599999999995,3166.08,1236.4799999999996,39.05397210430563
P018,Grocery,North,34.42,46.14,88,2024-10,2024,10,Oct,11.719999999999999,4060.32,3028.96,1031.3600000000001,34.04997094712377
P018,Grocery,West,33.54,43.62,53,2024-11,2024,11,Nov,10.079999999999998,2311.8599999999997,1777.62,534.2399999999998,30.05366726296958
P018,Grocery,East,33.64,46.13,159,2024-12,2024,12,Dec,12.490000000000002,7334.67,5348.76,1985.9099999999999,37.128418549346016
P018,Grocery,East,33.96,43.36,49,2025-01,2025,1,Jan,9.399999999999999,2124.64,1664.04,460.5999999999999,27.679623085983508
P018,Grocery,East,32.07,45.84,58,2025-02,2025,2,Feb,13.770000000000003,2658.7200000000003,1860.06,798.6600000000003,42.9373246024322
P018,Grocery,South,34.35,45.85,81,2025-03,2025,3,Mar,11.5,3713.85,2782.35,931.5,33.47889374090248
P018,Grocery,East,32.38,43.75,91,2025-04,2025,4,Apr,11.369999999999997,3981.25,2946.5800000000004,1034.6699999999996,35.11426806670783
P018,Grocery,West,34.97,49.86,37,2025-05,2025,5,May,14.89,1844.82,1293.8899999999999,550.9300000000001,42.5793537317701
P018,Grocery,East,35.64,44.71,88,2025-06,2025,6,Jun,9.07,3934.48,3136.32,798.1599999999999,25.44893378226711
P018,Grocery,West,32.02,44.86,69,2025-07,2025,7,Jul,12.839999999999996,3095.34,2209.38,885.96,40.0999375390381
P018,Grocery,East,31.64,43.01,93,2025-08,2025,8,Aug,11.369999999999997,3999.93,2942.52,1057.4099999999999,35.935524652338806
P018,Grocery,North,34.25,46.0,99,2025-09,2025,9,Sep,11.75,4554.0,3390.75,1163.25,34.306569343065696
P019,Electronics,North,27.94,46.16,107,2024-01,2024,1,Jan,18.219999999999995,4939.12,2989.58,1949.54,65.21116678596994
P019,Electronics,South,26.85,49.83,68,2024-02,2024,2,Feb,22.979999999999997,3388.44,1825.8000000000002,1562.6399999999999,85.58659217877094
P019,Electronics,South,28.24,47.74,60,2024-03,2024,3,Mar,19.500000000000004,2864.4,1694.3999999999999,1170.0000000000002,69.05099150141645
P019,Electronics,North,27.83,46.65,126,2024-04,2024,4,Apr,18.82,5877.9,3506.58,2371.3199999999997,67.62486525332375
P019,Electronics,North,28.87,47.97,50,2024-05,2024,5,May,19.099999999999998,2398.5,1443.5,955.0,66.15864218912367
P019,Electronics,North,29.2,50.18,74,2024-06,2024,6,Jun,20.98,3713.32,2160.7999999999997,1552.5200000000004,71.84931506849318
P019,Electronics,East,28.72,46.51,99,2024-07,2024,7,Jul,17.79,4604.49,2843.2799999999997,1761.21,61.942896935933156
P019,Electronics,East,26.36,49.28,93,2024-08,2024,8,Aug,22.92,4583.04,2451.48,2131.56,86.94992412746585
P019,Electronics,South,28.62,49.7,51,2024-09,2024,9,Sep,21.080000000000002,2534.7000000000003,1459.6200000000001,1075.0800000000002,73.65478686233403
P019,Electronics,East,25.88,44.88,59,2024-10,2024,10,Oct,19.000000000000004,2647.92,1526.9199999999998,1121.0000000000002,73.4157650695518
P019,Electronics,North,28.16,51.22,129,2024-11,2024,11,Nov,23.06,6607.38,3632.64,2974.7400000000002,81.88920454545455
P019,Electronics,South,25.93,47.6,105,2024-12,2024,12,Dec,21.67,4998.0,2722.65,2275.35,83.57115310451213
P019,Electronics,East,25.58,45.73,54,2025-01,2025,1,Jan,20.15,2469.4199999999996,1381.32,1088.0999999999997,78.7724784988272
P019,Electronics,West,26.52,44.56,45,2025-02,2025,2,Feb,18.040000000000003,2005.2,1193.4,811.8,68.02413273001507
P019,Electronics,West,28.23,52.53,64,2025-03,2025,3,Mar,24.3,3361.92,1806.72,1555.2,86.07863974495218
P019,Electronics,North,26.27,44.89,44,2025-04,2025,4,Apr,18.62,1975.16,1155.8799999999999,819.2800000000002,70.87933003425964
P019,Electronics,North,27.08,44.89,116,2025-05,2025,5,May,17.810000000000002,5207.24,3141.2799999999997,2065.96,65.76809453471198
P019,Electronics,East,27.98,49.81,58,2025-06,2025,6,Jun,21.830000000000002,2888.98,1622.84,1266.14,78.02001429592566
P019,Electronics,South,26.1,43.09,41,2025-07,2025,7,Jul,16.990000000000002,1766.69,1070.1000000000001,696.5899999999999,65.09578544061301
P019,Electronics,East,26.89,47.25,97,2025-08,2025,8,Aug,20.36,4583.25,2608.33,1974.92,75.71587950911119
P019,Electronics,South,28.27,50.62,121,2025-09,2025,9,Sep,22.349999999999998,6125.0199999999995,3420.67,2704.3499999999995,79.05907322249733
P020,Electronics,East,31.69,51.47,30,2024-01,2024,1,Jan,19.779999999999998,1544.1,950.7,593.3999999999999,62.41716629851687
P020,Electronics,South,34.14,52.12,58,2024-02,2024,2,Feb,17.979999999999997,3022.96,1980.1200000000001,1042.84,52.665495020503805
P020,Electronics,West,31.88,49.08,94,2024-03,2024,3,Mar,17.2,4613.5199999999995,2996.72,1616.7999999999997,53.95232120451693
P020,Electronics,West,35.3,56.41,83,2024-04,2024,4,Apr,21.11,4682.03,2929.8999999999996,1752.13,59.8016997167139
P020,Electronics,North,34.07,56.2,65,2024-05,2024,5,May,22.130000000000003,3653.0,2214.55,1438.4499999999998,64.95450542999706
P020,Electronics,West,32.56,48.58,49,2024-06,2024,6,Jun,16.019999999999996,2380.42,1595.44,784.98,49.2014742014742
P020,Electronics,North,33.4,55.32,110,2024-07,2024,7,Jul,21.92,6085.2,3674.0,2411.2,65.62874251497006
P020,Electronics,North,36.18,57.97,56,2024-08,2024,8,Aug,21.79,3246.3199999999997,2026.08,1220.2399999999998,60.22664455500275
P020,Electronics,South,35.09,60.41,126,2024-09,2024,9,Sep,25.319999999999993,7611.66,4421.34,3190.3199999999997,72.15730977486461
P020,Electronics,East,36.21,57.26,67,2024-10,2024,10,Oct,21.049999999999997,3836.42,2426.07,1410.35,58.133112399889534
P020,Electronics,South,34.54,54.34,65,2024-11,2024,11,Nov,19.800000000000004,3532.1000000000004,2245.1,1287.0000000000005,57.32484076433123
P020,Electronics,West,33.92,56.4,72,2024-12,2024,12,Dec,22.479999999999997,4060.7999999999997,2442.2400000000002,1618.5599999999995,66.27358490566036
P020,Electronics,North,36.14,57.83,121,2025-01,2025,1,Jan,21.689999999999998,6997.429999999999,4372.9400000000005,2624.489999999999,60.01660210293301
P020,Electronics,West,35.38,54.82,49,2025-02,2025,2,Feb,19.439999999999998,2686.18,1733.6200000000001,952.5599999999997,54.94629734313169
P020,Electronics,South,35.94,59.73,29,2025-03,2025,3,Mar,23.79,1732.1699999999998,1042.26,689.9099999999999,66.19365609348914
P020,Electronics,West,34.35,58.8,21,2025-04,2025,4,Apr,24.449999999999996,1234.8,721.35,513.4499999999999,71.17903930131003
P020,Electronics,North,31.8,47.67,111,2025-05,2025,5,May,15.870000000000001,5291.37,3529.8,1761.5699999999997,49.90566037735848
P020,Electronics,North,32.52,48.83,74,2025-06,2025,6,Jun,16.309999999999995,3613.42,2406.48,1206.94,50.153751537515376
P020,Electronics,South,35.04,58.66,40,2025-07,2025,7,Jul,23.619999999999997,2346.3999999999996,1401.6,944.7999999999997,67.40867579908675
P020,Electronics,East,32.46,55.41,94,2025-08,2025,8,Aug,22.949999999999996,5208.54,3051.2400000000002,2157.2999999999997,70.70240295748611
P020,Electronics,East,32.48,55.14,115,2025-09,2025,9,Sep,22.660000000000004,6341.1,3735.2,2605.9000000000005,69.76600985221677
P021,Grocery,South,21.01,26.48,68,2024-01,2024,1,Jan,5.469999999999999,1800.64,1428.68,371.96000000000004,26.035221323179442
P021,Grocery,East,21.97,28.69,104,2024-02,2024,2,Feb,6.720000000000002,2983.76,2284.88,698.8800000000001,30.58716431497497
P021,Grocery,West,20.35,25.16,48,2024-03,2024,3,Mar,4.809999999999999,1207.68,976.8000000000001,230.88,23.636363636363633
P021,Grocery,West,19.85,24.27,96,2024-04,2024,4,Apr,4.419999999999998,2329.92,1905.6000000000001,424.31999999999994,22.267002518891683
P021,Grocery,West,21.88,28.12,76,2024-05,2024,5,May,6.240000000000002,2137.12,1662.8799999999999,474.24,28.519195612431446
P021,Grocery,South,20.29,24.92,67,2024-06,2024,6,Jun,4.630000000000003,1669.64,1359.4299999999998,310.21000000000026,22.819122720552016
P021,Grocery,West,21.68,25.97,131,2024-07,2024,7,Jul,4.289999999999999,3402.0699999999997,2840.08,561.9899999999998,19.787822878228774
P021,Grocery,North,19.93,26.03,82,2024-08,2024,8,Aug,6.100000000000001,2134.46,1634.26,500.20000000000005,30.60712493728048
P021,Grocery,North,19.69,26.04,125,2024-09,2024,9,Sep,6.349999999999998,3255.0,2461.25,793.75,32.24987303199593
P021,Grocery,South,20.57,27.62,59,2024-10,2024,10,Oct,7.050000000000001,1629.5800000000002,1213.63,415.95000000000005,34.27321341759845
P021,Grocery,North,19.76,24.03,126,2024-11,2024,11,Nov,4.27,3027.78,2489.76,538.02,21.609311740890686
P021,Grocery,West,21.88,28.67,128,2024-12,2024,12,Dec,6.790000000000003,3669.76,2800.64,869.1200000000003,31.032906764168207
P021,Grocery,South,20.79,27.55,71,2025-01,2025,1,Jan,6.760000000000002,1956.05,1476.09,479.96000000000004,32.51563251563252
P021,Grocery,East,20.05,25.01,73,2025-02,2025,2,Feb,4.960000000000001,1825.73,1463.65,362.0799999999999,24.738154613466328
P021,Grocery,West,21.42,26.57,46,2025-03,2025,3,Mar,5.149999999999999,1222.22,985.32,236.89999999999998,24.042950513538745
P021,Grocery,West,19.26,25.84,105,2025-04,2025,4,Apr,6.579999999999998,2713.2,2022.3000000000002,690.8999999999996,34.16407061266872
P021,Grocery,East,20.79,26.81,117,2025-05,2025,5,May,6.02,3136.77,2432.43,704.3400000000001,28.956228956228962
P021,Grocery,South,19.71,24.11,113,2025-06,2025,6,Jun,4.399999999999999,2724.43,2227.23,497.1999999999998,22.32369355657026
P021,Grocery,West,20.78,28.19,62,2025-07,2025,7,Jul,7.41,1747.78,1288.3600000000001,459.41999999999985,35.65928777670836
P021,Grocery,West,22.04,28.66,88,2025-08,2025,8,Aug,6.620000000000001,2522.08,1939.52,582.56,30.036297640653352
P021,Grocery,East,19.63,25.81,79,2025-09,2025,9,Sep,6.18,2038.99,1550.77,488.22,31.482424859908303
P022,Sports,North,63.96,114.96,86,2024-01,2024,1,Jan,50.99999999999999,9886.56,5500.56,4385.999999999999,79.73733583489678
P022,Sports,North,60.15,121.08,34,2024-02,2024,2,Feb,60.93,4116.72,2045.1,2071.6200000000003,101.29675810473817
P022,Sports,South,56.56,108.51,56,2024-03,2024,3,Mar,51.95,6076.56,3167.36,2909.2000000000003,91.84936350777936
P022,Sports,West,62.36,111.06,91,2024-04,2024,4,Apr,48.7,10106.460000000001,5674.76,4431.700000000001,78.09493264913408
P022,Sports,North,56.63,112.08,107,2024-05,2024,5,May,55.449999999999996,11992.56,6059.41,5933.15,97.91629878156454
P022,Sports,North,60.95,120.21,86,2024-06,2024,6,Jun,59.25999999999999,10338.06,5241.7,5096.36,97.22723543888434
P022,Sports,South,57.43,103.58,36,2024-07,2024,7,Jul,46.15,3728.88,2067.48,1661.4,80.3586975448372
P022,Sports,East,63.75,118.04,60,2024-08,2024,8,Aug,54.290000000000006,7082.400000000001,3825.0,3257.4000000000005,85.1607843137255
P022,Sports,West,60.57,111.74,101,2024-09,2024,9,Sep,51.169999999999995,11285.74,6117.57,5168.17,84.48076605580322
P022,Sports,North,62.31,125.7,99,2024-10,2024,10,Oct,63.39,12444.300000000001,6168.6900000000005,6275.610000000001,101.73326913818006
P022,Sports,West,59.86,115.63,36,2024-11,2024,11,Nov,55.769999999999996,4162.68,2154.96,2007.7200000000003,93.16739057801537
P022,Sports,South,57.21,115.2,149,2024-12,2024,12,Dec,57.99,17164.8,8524.29,8640.509999999998,101.36339800734136
P022,Sports,North,64.46,131.14,46,2025-01,2025,1,Jan,66.67999999999999,6032.44,2965.16,3067.2799999999997,103.44399627676077
P022,Sports,West,58.89,119.89,112,2025-02,2025,2,Feb,61.0,13427.68,6595.68,6832.0,103.58295126507046
P022,Sports,North,58.08,117.04,28,2025-03,2025,3,Mar,58.96000000000001,3277.1200000000003,1626.24,1650.8800000000003,101.51515151515153
P022,Sports,South,63.18,124.87,88,2025-04,2025,4,Apr,61.690000000000005,10988.560000000001,5559.84,5428.720000000001,97.64165875276987
P022,Sports,East,57.92,106.81,80,2025-05,2025,5,May,48.89,8544.8,4633.6,3911.199999999999,84.4095303867403
P022,Sports,East,59.9,118.85,128,2025-06,2025,6,Jun,58.949999999999996,15212.8,7667.2,7545.599999999999,98.41402337228715
P022,Sports,East,56.95,108.16,29,2025-07,2025,7,Jul,51.209999999999994,3136.64,1651.5500000000002,1485.0899999999997,89.92098331870059
P022,Sports,West,65.12,121.65,101,2025-08,2025,8,Aug,56.53,12286.650000000001,6577.120000000001,5709.530000000001,86.80896805896806
P022,Sports,West,60.85,114.18,73,2025-09,2025,9,Sep,53.330000000000005,8335.140000000001,4442.05,3893.090000000001,87.64174198849632
P023,Sports,East,43.49,57.92,27,2024-01,2024,1,Jan,14.43,1563.8400000000001,1174.23,389.6100000000001,33.180041388825025
P023,Sports,West,42.97,56.58,92,2024-02,2024,2,Feb,13.61,5205.36,3953.24,1252.12,31.673260414242492
P023,Sports,East,39.28,47.06,58,2024-03,2024,3,Mar,7.780000000000001,2729.48,2278.2400000000002,451.2399999999998,19.80651731160895
P023,Sports,East,39.25,47.63,74,2024-04,2024,4,Apr,8.380000000000003,3524.6200000000003,2904.5,620.1200000000003,21.350318471337594
P023,Sports,West,39.26,47.66,77,2024-05,2024,5,May,8.399999999999999,3669.8199999999997,3023.02,646.7999999999997,21.39582272032602
P023,Sports,East,43.89,52.64,70,2024-06,2024,6,Jun,8.75,3684.8,3072.3,612.5,19.93620414673046
P023,Sports,North,43.05,56.08,54,2024-07,2024,7,Jul,13.030000000000001,3028.3199999999997,2324.7,703.6199999999999,30.267131242740998
P023,Sports,South,42.8,52.6,51,2024-08,2024,8,Aug,9.800000000000004,2682.6,2182.7999999999997,499.8000000000002,22.897196261682254
P023,Sports,West,39.52,48.55,55,2024-09,2024,9,Sep,9.029999999999994,2670.25,2173.6000000000004,496.64999999999964,22.849190283400787
P023,Sports,West,43.4,54.91,58,2024-10,2024,10,Oct,11.509999999999998,3184.7799999999997,2517.2,667.5799999999999,26.520737327188936
P023,Sports,West,42.25,52.13,36,2024-11,2024,11,Nov,9.880000000000003,1876.68,1521.0,355.68000000000006,23.38461538461539
P023,Sports,North,44.41,55.95,124,2024-12,2024,12,Dec,11.540000000000006,6937.8,5506.839999999999,1430.960000000001,25.985138482323823
P023,Sports,East,41.31,52.81,130,2025-01,2025,1,Jan,11.5,6865.3,5370.3,1495.0,27.83829581215202
P023,Sports,South,40.46,53.04,85,2025-02,2025,2,Feb,12.579999999999998,4508.4,3439.1,1069.2999999999997,31.092436974789912
P023,Sports,East,39.71,50.52,59,2025-03,2025,3,Mar,10.810000000000002,2980.6800000000003,2342.89,637.7900000000004,27.222362125409237
P023,Sports,West,44.53,59.88,62,2025-04,2025,4,Apr,15.350000000000001,3712.56,2760.86,951.6999999999998,34.471143049629454
P023,Sports,West,40.85,56.09,50,2025-05,2025,5,May,15.240000000000002,2804.5,2042.5,762.0,37.307221542227666
P023,Sports,South,42.78,55.65,121,2025-06,2025,6,Jun,12.869999999999997,6733.65,5176.38,1557.2699999999995,30.08415147265076
P023,Sports,South,41.3,51.71,97,2025-07,2025,7,Jul,10.410000000000004,5015.87,4006.1,1009.77,25.20581113801453
P023,Sports,West,42.73,52.27,57,2025-08,2025,8,Aug,9.540000000000006,2979.3900000000003,2435.6099999999997,543.7800000000007,22.32623449567052
P023,Sports,South,42.99,57.87,31,2025-09,2025,9,Sep,14.879999999999995,1793.97,1332.69,461.28,34.612700628053034
P024,Sports,West,31.27,49.47,71,2024-01,2024,1,Jan,18.2,3512.37,2220.17,1292.1999999999998,58.20275023984649
P024,Sports,North,29.3,42.83,84,2024-02,2024,2,Feb,13.529999999999998,3597.72,2461.2000000000003,1136.5199999999995,46.177474402730354
P024,Sports,North,31.36,48.6,99,2024-03,2024,3,Mar,17.240000000000002,4811.400000000001,3104.64,1706.7600000000007,54.97448979591839
P024,Sports,East,33.19,49.86,17,2024-04,2024,4,Apr,16.67,847.62,564.23,283.39,50.22597167821633
P024,Sports,South,31.12,47.36,103,2024-05,2024,5,May,16.24,4878.08,3205.36,1672.7199999999998,52.18508997429305
P024,Sports,South,30.83,46.04,130,2024-06,2024,6,Jun,15.21,5985.2,4007.8999999999996,1977.3000000000002,49.3350632500811
P024,Sports,South,30.37,42.88,31,2024-07,2024,7,Jul,12.510000000000002,1329.28,941.47,387.80999999999995,41.19196575567994
P024,Sports,North,29.33,47.38,37,2024-08,2024,8,Aug,18.050000000000004,1753.0600000000002,1085.21,667.8500000000001,61.54108421411525
P024,Sports,East,30.87,44.84,79,2024-09,2024,9,Sep,13.970000000000002,3542.36,2438.73,1103.63,45.254292193067705
P024,Sports,North,30.79,48.07,52,2024-10,2024,10,Oct,17.28,2499.64,1601.08,898.56,56.122117570639816
P024,Sports,North,32.48,46.51,87,2024-11,2024,11,Nov,14.030000000000001,4046.37,2825.7599999999998,1220.6100000000001,43.19581280788179
P024,Sports,South,33.03,51.89,98,2024-12,2024,12,Dec,18.86,5085.22,3236.94,1848.2800000000002,57.09960641840751
P024,Sports,South,30.31,45.5,75,2025-01,2025,1,Jan,15.190000000000001,3412.5,2273.25,1139.25,50.11547344110855
P024,Sports,West,31.66,45.84,91,2025-02,2025,2,Feb,14.180000000000003,4171.4400000000005,2881.06,1290.3800000000006,44.78837650031588
P024,Sports,North,32.15,51.53,85,2025-03,2025,3,Mar,19.380000000000003,4380.05,2732.75,1647.3000000000002,60.27993779160187
P024,Sports,West,28.82,41.91,65,2025-04,2025,4,Apr,13.089999999999996,2724.1499999999996,1873.3,850.8499999999997,45.41984732824426
P024,Sports,North,31.43,49.79,83,2025-05,2025,5,May,18.36,4132.57,2608.69,1523.8799999999997,58.41552656697422
P024,Sports,East,29.7,42.53,131,2025-06,2025,6,Jun,12.830000000000002,5571.43,3890.7,1680.7300000000005,43.19865319865321
P024,Sports,East,31.52,48.61,87,2025-07,2025,7,Jul,17.09,4229.07,2742.24,1486.83,54.21954314720813
P024,Sports,East,32.65,50.4,126,2025-08,2025,8,Aug,17.75,6350.4,4113.9,2236.5,54.36447166921899
P024,Sports,East,32.98,50.71,99,2025-09,2025,9,Sep,17.730000000000004,5020.29,3265.0199999999995,1755.2700000000004,53.75985445724684
P025,Electronics,East,17.5,23.03,76,2024-01,2024,1,Jan,5.530000000000001,1750.2800000000002,1330.0,420.2800000000002,31.600000000000016
P025,Electronics,West,16.82,22.06,80,2024-02,2024,2,Feb,5.239999999999998,1764.8,1345.6,419.20000000000005,31.15338882282997
P025,Electronics,South,17.15,22.5,32,2024-03,2024,3,Mar,5.350000000000001,720.0,548.8,171.20000000000005,31.19533527696794
P025,Electronics,West,17.31,23.96,21,2024-04,2024,4,Apr,6.650000000000002,503.16,363.51,139.65000000000003,38.41709994222994
P025,Electronics,South,17.8,24.98,91,2024-05,2024,5,May,7.18,2273.18,1619.8,653.3799999999999,40.33707865168539
P025,Electronics,West,17.47,22.67,77,2024-06,2024,6,Jun,5.200000000000003,1745.5900000000001,1345.1899999999998,400.4000000000003,29.765311963365797
P025,Electronics,North,17.18,23.55,45,2024-07,2024,7,Jul,6.370000000000001,1059.75,773.1,286.65,37.07799767171129
P025,Electronics,East,16.33,20.79,121,2024-08,2024,8,Aug,4.460000000000001,2515.5899999999997,1975.9299999999998,539.6599999999999,27.311696264543777
P025,Electronics,West,17.14,21.25,32,2024-09,2024,9,Sep,4.109999999999999,680.0,548.48,131.51999999999998,23.978996499416567
P025,Electronics,East,17.12,23.34,133,2024-10,2024,10,Oct,6.219999999999999,3104.22,2276.96,827.2599999999998,36.33177570093457
P025,Electronics,South,18.23,22.56,148,2024-11,2024,11,Nov,4.329999999999998,3338.8799999999997,2698.04,640.8399999999997,23.752057048820614
P025,Electronics,East,17.95,21.97,65,2024-12,2024,12,Dec,4.02,1428.05,1166.75,261.29999999999995,22.39554317548746
P025,Electronics,North,16.86,23.75,142,2025-01,2025,1,Jan,6.890000000000001,3372.5,2394.12,978.3800000000001,40.86595492289443
P025,Electronics,South,17.79,23.68,66,2025-02,2025,2,Feb,5.890000000000001,1562.8799999999999,1174.1399999999999,388.74,33.108487914558744
P025,Electronics,West,16.18,20.14,55,2025-03,2025,3,Mar,3.960000000000001,1107.7,889.9,217.80000000000007,24.474660074165644
P025,Electronics,North,17.19,22.69,105,2025-04,2025,4,Apr,5.5,2382.4500000000003,1804.95,577.5000000000002,31.9953461314718
P025,Electronics,East,18.21,23.2,91,2025-05,2025,5,May,4.989999999999998,2111.2,1657.1100000000001,454.0899999999997,27.402526084568894
P025,Electronics,North,16.11,21.94,91,2025-06,2025,6,Jun,5.830000000000002,1996.5400000000002,1466.01,530.5300000000002,36.188702669149606
P025,Electronics,East,17.93,22.27,35,2025-07,2025,7,Jul,4.34,779.4499999999999,627.55,151.89999999999998,24.205242610150584
P025,Electronics,East,17.83,24.32,111,2025-08,2025,8,Aug,6.490000000000002,2699.52,1979.1299999999999,720.3900000000001,36.39932697700505
P025,Electronics,South,17.21,21.85,76,2025-09,2025,9,Sep,4.640000000000001,1660.6000000000001,1307.96,352.6400000000001,26.961069145845446
P026,Electronics,North,39.52,76.26,127,2024-01,2024,1,Jan,36.74,9685.02,5019.04,4665.9800000000005,92.96558704453443
P026,Electronics,East,39.83,74.01,63,2024-02,2024,2,Feb,34.18000000000001,4662.63,2509.29,2153.34,85.81471252824505
P026,Electronics,North,41.45,76.69,114,2024-03,2024,3,Mar,35.239999999999995,8742.66,4725.3,4017.3599999999997,85.01809408926417
P026,Electronics,North,41.83,76.7,85,2024-04,2024,4,Apr,34.870000000000005,6519.5,3555.5499999999997,2963.9500000000003,83.36122400191252
P026,Electronics,West,38.74,75.58,65,2024-05,2024,5,May,36.839999999999996,4912.7,2518.1,2394.6,95.0955085183273
P026,Electronics,South,40.48,75.19,75,2024-06,2024,6,Jun,34.71,5639.25,3035.9999999999995,2603.2500000000005,85.74604743083006
P026,Electronics,North,37.43,70.96,65,2024-07,2024,7,Jul,33.529999999999994,4612.4,2432.95,2179.45,89.58055036067326
P026,Electronics,South,39.75,68.59,67,2024-08,2024,8,Aug,28.840000000000003,4595.530000000001,2663.25,1932.2800000000007,72.55345911949688
P026,Electronics,South,42.34,76.53,48,2024-09,2024,9,Sep,34.19,3673.44,2032.3200000000002,1641.12,80.751062824752
P026,Electronics,East,38.63,70.56,93,2024-10,2024,10,Oct,31.93,6562.08,3592.59,2969.49,82.65596686513071
P026,Electronics,West,40.83,78.52,136,2024-11,2024,11,Nov,37.69,10678.72,5552.88,5125.839999999999,92.3095762919422
P026,Electronics,North,41.29,71.25,88,2024-12,2024,12,Dec,29.96,6270.0,3633.52,2636.48,72.5599418745459
P026,Electronics,South,40.21,74.25,24,2025-01,2025,1,Jan,34.04,1782.0,965.04,816.96,84.65555831882618
P026,Electronics,North,42.96,79.06,31,2025-02,2025,2,Feb,36.1,2450.86,1331.76,1119.1000000000001,84.03165735567971
P026,Electronics,South,39.41,75.84,29,2025-03,2025,3,Mar,36.43000000000001,2199.36,1142.8899999999999,1056.4700000000003,92.43846739406246
P026,Electronics,East,42.33,74.61,144,2025-04,2025,4,Apr,32.28,10743.84,6095.5199999999995,4648.320000000001,76.25797306874559
P026,Electronics,South,40.93,78.17,30,2025-05,2025,5,May,37.24,2345.1,1227.9,1117.1999999999998,90.98460786709013
P026,Electronics,North,40.74,72.11,75,2025-06,2025,6,Jun,31.369999999999997,5408.25,3055.5,2352.75,77.0004909180167
P026,Electronics,South,42.56,80.57,95,2025-07,2025,7,Jul,38.00999999999999,7654.15,4043.2000000000003,3610.9499999999994,89.30921052631577
P026,Electronics,North,42.42,74.8,39,2025-08,2025,8,Aug,32.379999999999995,2917.2,1654.38,1262.8199999999997,76.33191890617631
P026,Electronics,West,39.22,72.25,36,2025-09,2025,9,Sep,33.03,2601.0,1411.92,1189.08,84.21723610402854
P027,Electronics,East,18.29,31.23,120,2024-01,2024,1,Jan,12.940000000000001,3747.6,2194.7999999999997,1552.8000000000002,70.74904319300165
P027,Electronics,South,17.62,29.31,93,2024-02,2024,2,Feb,11.689999999999998,2725.83,1638.66,1087.1699999999998,66.34506242905788
P027,Electronics,North,18.3,31.71,50,2024-03,2024,3,Mar,13.41,1585.5,915.0,670.5,73.27868852459017
P027,Electronics,North,16.91,28.66,29,2024-04,2024,4,Apr,11.75,831.14,490.39,340.75,69.48551153163808
P027,Electronics,North,18.83,33.27,35,2024-05,2024,5,May,14.440000000000005,1164.45,659.05,505.4000000000001,76.68613913967076
P027,Electronics,West,17.23,29.39,119,2024-06,2024,6,Jun,12.16,3497.41,2050.37,1447.04,70.57457922228672
P027,Electronics,North,16.33,25.41,48,2024-07,2024,7,Jul,9.080000000000002,1219.68,783.8399999999999,435.84000000000015,55.60318432333131
P027,Electronics,North,18.73,30.65,61,2024-08,2024,8,Aug,11.919999999999998,1869.6499999999999,1142.53,727.1199999999999,63.64121729845167
P027,Electronics,West,17.38,28.46,107,2024-09,2024,9,Sep,11.080000000000002,3045.2200000000003,1859.6599999999999,1185.5600000000004,63.75143843498277
P027,Electronics,South,17.0,27.46,104,2024-10,2024,10,Oct,10.46,2855.84,1768.0,1087.8400000000001,61.52941176470589
P027,Electronics,South,17.67,28.88,146,2024-11,2024,11,Nov,11.209999999999997,4216.48,2579.82,1636.6599999999994,63.44086021505374
P027,Electronics,North,17.09,28.13,54,2024-12,2024,12,Dec,11.04,1519.02,922.86,596.16,64.59918080748976
P027,Electronics,North,18.67,29.27,108,2025-01,2025,1,Jan,10.599999999999998,3161.16,2016.3600000000001,1144.7999999999997,56.77557579003748
P027,Electronics,East,18.0,30.59,31,2025-02,2025,2,Feb,12.59,948.29,558.0,390.28999999999996,69.94444444444444
P027,Electronics,South,18.09,28.57,69,2025-03,2025,3,Mar,10.48,1971.33,1248.21,723.1199999999999,57.93255942509673
P027,Electronics,East,16.72,26.26,147,2025-04,2025,4,Apr,9.540000000000003,3860.2200000000003,2457.8399999999997,1402.3800000000006,57.05741626794262
P027,Electronics,North,18.27,28.26,72,2025-05,2025,5,May,9.990000000000002,2034.72,1315.44,719.28,54.679802955665025
P027,Electronics,North,16.96,30.13,90,2025-06,2025,6,Jun,13.169999999999998,2711.7,1526.4,1185.2999999999997,77.65330188679242
P027,Electronics,West,17.6,27.34,87,2025-07,2025,7,Jul,9.739999999999998,2378.58,1531.2,847.3799999999999,55.340909090909086
P027,Electronics,South,16.94,26.51,109,2025-08,2025,8,Aug,9.57,2889.59,1846.46,1043.13,56.493506493506494
P027,Electronics,North,16.88,28.08,31,2025-09,2025,9,Sep,11.2,870.4799999999999,523.28,347.19999999999993,66.35071090047391
P028,Electronics,West,18.43,27.55,24,2024-01,2024,1,Jan,9.120000000000001,661.2,442.32,218.88000000000005,49.48453608247424
P028,Electronics,West,16.66,25.17,89,2024-02,2024,2,Feb,8.510000000000002,2240.13,1482.74,757.3900000000001,51.08043217286915
P028,Electronics,North,17.54,25.98,124,2024-03,2024,3,Mar,8.440000000000001,3221.52,2174.96,1046.56,48.118586088939566
P028,Electronics,South,16.66,26.19,30,2024-04,2024,4,Apr,9.530000000000001,785.7,499.8,285.90000000000003,57.202881152460996
P028,Electronics,North,18.32,30.27,138,2024-05,2024,5,May,11.95,4177.26,2528.16,1649.1000000000004,65.22925764192141
P028,Electronics,East,16.31,25.42,60,2024-06,2024,6,Jun,9.110000000000003,1525.2,978.5999999999999,546.6000000000001,55.85530349478849
P028,Electronics,East,17.97,27.12,71,2024-07,2024,7,Jul,9.150000000000002,1925.52,1275.87,649.6500000000001,50.91819699499166
P028,Electronics,West,18.63,30.4,136,2024-08,2024,8,Aug,11.77,4134.4,2533.68,1600.7199999999998,63.17767042404723
P028,Electronics,South,16.48,27.48,21,2024-09,2024,9,Sep,11.0,577.08,346.08,231.00000000000006,66.747572815534
P028,Electronics,East,17.71,28.56,26,2024-10,2024,10,Oct,10.849999999999998,742.56,460.46000000000004,282.0999999999999,61.26482213438733
P028,Electronics,North,18.02,27.75,163,2024-11,2024,11,Nov,9.73,4523.25,2937.2599999999998,1585.9900000000002,53.99556048834629
P028,Electronics,North,16.61,27.89,96,2024-12,2024,12,Dec,11.280000000000001,2677.44,1594.56,1082.88,67.9108970499699
P028,Electronics,North,18.56,27.59,49,2025-01,2025,1,Jan,9.030000000000001,1351.91,909.4399999999999,442.47000000000014,48.65301724137933
P028,Electronics,South,18.37,28.9,114,2025-02,2025,2,Feb,10.529999999999998,3294.6,2094.1800000000003,1200.4199999999996,57.32172019597167
P028,Electronics,West,18.57,27.36,34,2025-03,2025,3,Mar,8.79,930.24,631.38,298.86,47.33441033925686
P028,Electronics,West,16.28,25.79,86,2025-04,2025,4,Apr,9.509999999999998,2217.94,1400.0800000000002,817.8599999999999,58.4152334152334
P028,Electronics,South,16.69,25.26,76,2025-05,2025,5,May,8.57,1919.7600000000002,1268.44,651.3200000000002,51.34811264230079
P028,Electronics,West,17.87,28.99,64,2025-06,2025,6,Jun,11.119999999999997,1855.36,1143.68,711.6799999999998,62.2271964185786
P028,Electronics,South,16.28,24.42,144,2025-07,2025,7,Jul,8.14,3516.4800000000005,2344.32,1172.1600000000003,50.000000000000014
P028,Electronics,North,16.49,24.59,80,2025-08,2025,8,Aug,8.100000000000001,1967.2,1319.1999999999998,648.0000000000002,49.12067919951488
P028,Electronics,North,17.45,29.23,49,2025-09,2025,9,Sep,11.780000000000001,1432.27,855.05,577.22,67.50716332378224
P029,Grocery,South,19.39,24.79,119,2024-01,2024,1,Jan,5.399999999999999,2950.0099999999998,2307.41,642.5999999999999,27.84940691077875
P029,Grocery,North,17.78,24.62,27,2024-02,2024,2,Feb,6.84,664.74,480.06000000000006,184.67999999999995,38.47019122609672
P029,Grocery,South,19.83,25.7,28,2024-03,2024,3,Mar,5.870000000000001,719.6,555.24,164.36,29.601613716591025
P029,Grocery,East,19.43,24.35,82,2024-04,2024,4,Apr,4.920000000000002,1996.7,1593.26,403.44000000000005,25.321667524446735
P029,Grocery,South,17.46,21.64,32,2024-05,2024,5,May,4.18,692.48,558.72,133.76,23.940435280641463
P029,Grocery,North,19.46,27.42,32,2024-06,2024,6,Jun,7.960000000000001,877.44,622.72,254.72000000000003,40.90441932168551
P029,Grocery,West,18.21,24.42,88,2024-07,2024,7,Jul,6.210000000000001,2148.96,1602.48,546.48,34.102141680395384
P029,Grocery,East,19.69,24.3,25,2024-08,2024,8,Aug,4.609999999999999,607.5,492.25000000000006,115.24999999999994,23.412899949212786
P029,Grocery,West,19.4,24.01,55,2024-09,2024,9,Sep,4.610000000000003,1320.5500000000002,1067.0,253.55000000000018,23.762886597938163
P029,Grocery,West,17.34,24.24,88,2024-10,2024,10,Oct,6.899999999999999,2133.12,1525.92,607.1999999999998,39.79238754325258
P029,Grocery,West,18.55,23.99,84,2024-11,2024,11,Nov,5.439999999999998,2015.1599999999999,1558.2,456.9599999999998,29.326145552560632
P029,Grocery,South,19.67,25.03,117,2024-12,2024,12,Dec,5.359999999999999,2928.51,2301.3900000000003,627.1199999999999,27.249618708693436
P029,Grocery,North,18.87,25.26,99,2025-01,2025,1,Jan,6.390000000000001,2500.7400000000002,1868.13,632.6100000000001,33.86327503974563
P029,Grocery,West,19.6,25.72,25,2025-02,2025,2,Feb,6.119999999999997,643.0,490.00000000000006,152.99999999999994,31.224489795918352
P029,Grocery,South,18.34,24.64,84,2025-03,2025,3,Mar,6.300000000000001,2069.76,1540.56,529.2000000000003,34.35114503816796
P029,Grocery,North,19.89,27.26,69,2025-04,2025,4,Apr,7.370000000000001,1880.94,1372.41,508.53,37.053795877325285
P029,Grocery,West,18.13,24.09,63,2025-05,2025,5,May,5.960000000000001,1517.67,1142.1899999999998,375.48000000000025,32.87369001654719
P029,Grocery,South,17.27,23.05,29,2025-06,2025,6,Jun,5.780000000000001,668.45,500.83,167.62000000000006,33.468442385639854
P029,Grocery,East,17.36,24.49,89,2025-07,2025,7,Jul,7.129999999999999,2179.6099999999997,1545.04,634.5699999999997,41.071428571428555
P029,Grocery,South,19.85,24.59,102,2025-08,2025,8,Aug,4.739999999999998,2508.18,2024.7,483.4799999999998,23.879093198992432
P029,Grocery,North,19.28,27.04,117,2025-09,2025,9,Sep,7.759999999999998,3163.68,2255.76,907.9199999999996,40.24896265560164
P030,Grocery,South,22.68,42.12,123,2024-01,2024,1,Jan,19.439999999999998,5180.759999999999,2789.64,2391.1199999999994,85.7142857142857
P030,Grocery,North,24.51,43.93,80,2024-02,2024,2,Feb,19.419999999999998,3514.4,1960.8000000000002,1553.6,79.2329661362709
P030,Grocery,South,24.98,47.85,85,2024-03,2024,3,Mar,22.87,4067.25,2123.3,1943.9499999999998,91.55324259407524
P030,Grocery,South,23.77,40.94,52,2024-04,2024,4,Apr,17.169999999999998,2128.88,1236.04,892.8400000000001,72.23390828775769
P030,Grocery,North,23.9,40.59,88,2024-05,2024,5,May,16.690000000000005,3571.92,2103.2,1468.7200000000003,69.83263598326361
P030,Grocery,South,23.25,40.59,51,2024-06,2024,6,Jun,17.340000000000003,2070.09,1185.75,884.3400000000001,74.58064516129033
P030,Grocery,South,24.11,46.87,103,2024-07,2024,7,Jul,22.759999999999998,4827.61,2483.33,2344.2799999999997,94.40066362505183
P030,Grocery,East,25.41,45.69,103,2024-08,2024,8,Aug,20.279999999999998,4706.07,2617.23,2088.8399999999997,79.81109799291616
P030,Grocery,North,23.24,41.47,45,2024-09,2024,9,Sep,18.23,1866.1499999999999,1045.8,820.3499999999999,78.44234079173837
P030,Grocery,West,24.82,48.54,100,2024-10,2024,10,Oct,23.72,4854.0,2482.0,2372.0,95.56809024979856
P030,Grocery,East,22.84,42.39,52,2024-11,2024,11,Nov,19.55,2204.28,1187.68,1016.6000000000001,85.5954465849387
P030,Grocery,East,22.51,42.62,170,2024-12,2024,12,Dec,20.109999999999996,7245.4,3826.7000000000003,3418.6999999999994,89.33807196801419
P030,Grocery,West,25.03,47.68,79,2025-01,2025,1,Jan,22.65,3766.72,1977.3700000000001,1789.3499999999997,90.49141030763083
P030,Grocery,East,25.27,49.47,45,2025-02,2025,2,Feb,24.2,2226.15,1137.15,1089.0,95.76573011476059
P030,Grocery,North,25.33,43.97,102,2025-03,2025,3,Mar,18.64,4484.94,2583.66,1901.2799999999997,73.58863008290564
P030,Grocery,East,25.48,44.41,37,2025-04,2025,4,Apr,18.929999999999996,1643.1699999999998,942.76,700.4099999999999,74.29356357927786
P030,Grocery,East,23.62,41.79,59,2025-05,2025,5,May,18.169999999999998,2465.61,1393.5800000000002,1072.03,76.92633361558
P030,Grocery,East,22.96,39.65,17,2025-06,2025,6,Jun,16.689999999999998,674.05,390.32,283.72999999999996,72.69163763066202
P030,Grocery,West,24.61,48.18,78,2025-07,2025,7,Jul,23.57,3758.04,1919.58,1838.46,95.77407557903291
P030,Grocery,West,23.29,41.89,99,2025-08,2025,8,Aug,18.6,4147.11,2305.71,1841.3999999999996,79.8626019750966
P030,Grocery,South,22.63,38.87,24,2025-09,2025,9,Sep,16.24,932.8799999999999,543.12,389.7599999999999,71.76314626601854
